2662 4744
260 364 323 430 sia
425 335 429 362 ¹
575 427 577 436 ,
696 355 848 440 aerr.
922 315 945 333 ‘

240 521 354 596 ‚Duae
387 515 486 603 igitur
512 521 590 576 suut
623 509 773 578 vocabuli
805 518 933 600 partes,
971 507 1073 576 altera
1105 511 1301 602 appositiva,

239 606 372 678 altera.
387 597 623 666 confirmativa.
665 595 708 660 Et
730 595 862 660 inservit
882 595 993 684 ipsum
1014 600 1206 662 sententiae
1230 621 1301 662 con-

262 685 381 756 trariae
395 686 440 750 ita
455 681 690 776 opponendae,
711 691 749 745 ut
763 681 831 746 eius
845 680 893 747 vis
908 703 968 770 par
981 685 1263 747 asseverationem
1279 695 1301 750 et

242 765 323 868 ¹per
338 771 479 840 veritatis
497 767 802 849 confirmationem,
827 765 908 831 dum
930 767 1067 832 dicimus
1088 789 1166 832 rem
1197 781 1302 856 suapte

229 895 231 900 .
261 867 425 950 potestate
448 856 571 932 valere,
604 851 869 940 magis'eluc'eat.
924 852 1031 939 Atque
1053 853 1300 942 quadruplicem

234 961 238 979 ⁶
263 949 475 1012 observamus
490 955 586 1006 usum
604 937 702 1003 huius
721 935 920 1026 particulae,
945 938 979 1002 iu
1004 939 1240 1026 oppositionis
1259 965 1301 1004 as-

261 1029 483 1104 severatione,
503 1027 538 1092 in
559 1023 735 1112 seqtentia,
758 1043 841 1110 quae
865 1023 935 1088 aliis
958 1023 1125 1089 concessis
1149 1036 1212 1090 aut
1234 1029 1301 1092 mia-

77 1109 80 1118 ’
142 1142 146 1150 ’
256 1119 326 1202 -sia,
345 1136 439 1180 suam
455 1111 498 1178 ob
513 1111 580 1180 vim
595 1131 696 1198 aeque
713 1109 861 1196 adeoque
873 1109 976 1198 magis
996 1110 1246 1176 consideranda
1261 1115 1301 1192 sit,

262 1202 298 1270 in
316 1197 606 1286 anteoccupatione
628 1203 661 1260 et
680 1195 717 1260 iu
743 1193 985 1283 assumptione,
1014 1208 1209 1283 quaecum
1230 1221 1301 1262 coa·
1322 1247 1323 1250 ,

261 1287 407 1354 elusione
424 1282 564 1372 quadam
583 1280 758 1364 co'niuuct'a
773 1289 832 1345 est.
875 1282 1008 1345 Veteres
1022 1281 1217 1382 ¹scriptores
1243 1305 1299 1348 noa
1322 1335 1323 1344 ,

262 1395 378 1440 omnes
391 1363 601 1436 consentiunt
615 1367 659 1432 iu'
669 1363 767 1430 huius
782 1363 934 1443 vocabuli
948 1385 1026 1444 usu,
1051 1379 1182 1455 quippe
1197 1369 1256 1456 qui
1271 1370 1301 1432 ad

261 1479 412 1548 graecam
429 1454 608 1520 dictionem
626 1450 938 1516 conformatusesse
955 1449 1114 1517 videatur.
1137 1453 1206 1518 Alii
1223 1455 1300 1520 enim
1322 1465 1323 1478 ³

260 1569 300 1614 eo
325 1543 464 1608 omnino
487 1535 555 1605 ison
578 1547 731 1614 utuntur,
746 1541 941 1623 ‘numquam
962 1537 1091 1616 Varro,
1120 1556 1300 1626 numquam

240 1633 359 1701 ,etiam
374 1627 505 1694 Celsusa
530 1623 582 1690 alii
599 1625 666 1688 eius
680 1631 896 1712 potestatem,
916 1621 973 1685 ubi
986 1620 1229 1710 fieri'poterat,
1249 1649 1299 1691 vo·

259 1709 376 1782 cabulo
394 1725 493 1800 utque
517 1707 853 1796 comprehendebant.
897 1707 1008 1789 Quare
1024 1707 1143 1772 multis
1162 1711 1199 1774 in
1214 1711 1297 1790 locis,

240 1799 452 1892 ¹praesertim
465 1795 500 1860 in
523 1794 747 1882 assumptione
773 1803 807 1858 et
827 1792 863 1857 iu
888 1793 1115 1882 occupationis
1140 1793 1297 1874 socrualis,
1322 1841 1323 1884 q

235 1896 241 1954 ¹.
258 1887 287 1952 si
306 1883 381 1950 libri
404 1881 519 1970 scripti
541 1880 683 1956 variant,
732 1877 788 1943 uid
817 1877 857 1944 ab
882 1885 1013 1942 auctore
1037 1877 1234 1968 profectum
1253 1885 1296 1955 sit.
1322 1887 1323 1964 l

257 1969 412 2037 constitui
434 1989 502 2032 uon
525 1975 645 2056 potest.
698 1901 807 2044 (inid,
838 1961 929 2050 quod
949 1965 1128 2029 recentiori
1151 1977 1297 2056 ternpore

241 2047 436 2144 ¹scriptores
461 2051 615 2117 nonnulli
642 2051 683 2114 ad
707 2050 884 2115 discrimen
913 2047 1035 2114 harum
1060 2052 1295 2138 particularum

257 2142 319 2234 ipsi
338 2161 406 2206 uon
424 2137 479 2208 dili
504 2147 597 2202 enter
609 2135 828 2202 attenderunt.

340 2227 368 2293 I.
402 2231 432 2290 1.
459 2161 629 2308 Oiiectio,
655 2243 737 2312 quae
753 2219 947 2308 simpliciter
966 2214 1090 2286 refutat
1109 2221 1212 2287 aliam
1226 2247 1294 2288 seu-

256 2313 393 2385 tentiam
409 2309 624 2390 contrariam,
648 2318 705 2372 aut
720 2307 923 2373 contrarium
944 2305 1023 2393 quid
1043 2309 1216 2396 opponit,
1241 2333 1295 2374 er-

255 2399 414 2488 primitur
427 2416 488 2482 per
503 2405 560 2473 ot,
581 2412 725 2481 nonper
739 2392 854 2480 atqui,
876 2410 982 2478 neque
1001 2392 1065 2456 boc
1081 2412 1148 2480 pro
1165 2394 1224 2458 illo
1239 2417 1294 2482 po-

253 2485 353 2548 situm
370 2495 528 2566 usquam,
553 2478 649 2542 uisia
676 2479 719 2541 ud
735 2480 935 2562 recentiores
951 2477 1016 2542 scri
1040 2489 1133 2542 tores
1155 2490 1189 2544 et
1204 2481 1293 2544 iuris·

256 2563 443 2646 consultos,
457 2563 634 2652 reperitur.
688 2583 741 2626 am
756 2563 837 2650 qai,
858 2563 948 2650 quod
973 2499 1150 2644 adliaeret,
1173 2584 1293 2654 expen-

253 2655 301 2720 dit
322 2647 570 2744 quodammodo
593 2647 663 2712 vim
685 2647 880 2732 sententiae,
909 2647 1065 2738 additque
1089 2663 1294 2716 momentum

252 2739 387 2828 aliquod
402 2733 642 2802 affirmationis.
825 2759 827 2763 ’
944 2737 947 2745 ’

364 2857 469 2926 leian.
480 2837 516 2908 'in
533 2855 632 2924 Digest'.
650 2854 684 2920 8,
700 2852 734 2919 ⁵,
754 2854 779 2910 1.
796 2853 944 2928 sepulchra
959 2864 1054 2910 autam
1070 2860 1164 2912 nostri
1181 2855 1293 2912 domimi
1321 2905 1322 2910 ,

318 2955 376 2995 uon
392 2952 476 2998 sunta
499 2943 581 3014 atqui
605 2941 683 2994 uiam
707 2938 747 2994 ad
769 2940 946 3012 sepulchrum
972 2957 1122 3011 possumus
1145 2943 1292 2998 vindicare.

316 3025 336 3077 i.
353 3043 377 3098 e.
394 3036 435 3080 at.
470 3026 552 3080 Plaat.
573 3023 974 3091 uua.8,4,14.1.=.a00am
991 3044 1057 3100 ago.
1076 3027 1126 3079 Τι.
1145 3033 1231 3102 atqui
1244 3049 1291 3082 aaa
1321 3071 1322 3110 p

174 3167 176 3174 ,
231 3177 235 3188 ,
255 3161 258 3165 ,
318 3129 378 3164 cam
395 3109 533 3184 aagendam
551 3121 603 3164 ast.
621 3111 691 3179 quod
708 3111 793 3181 accipi
809 3123 898 3182 potest
914 3131 965 3184 pro
981 3121 1013 3166 at
1032 3130 1147 3178 mamm,
1165 3132 1224 3169 aon
1235 3133 1290 3169 cnm

315 3193 388 3250 illos
414 3194 462 3248 sed
484 3194 569 3246 maior
590 3193 661 3252 inest
683 3194 738 3246 vis:
764 3213 824 3248 nam
851 3208 929 3250 antea
947 3201 1093 3250 Daemones
1111 3197 1219 3252 dixerat
1237 3217 1290 3253 caus

316 3281 388 3332 istoc
407 3279 546 3350 primam,
568 3277 616 3350 qai
641 3288 668 3332 ta
693 3280 790 3344 novit,
814 3279 940 3351 disputa.
971 3281 1094 3335 affirmat
1119 3283 1205 3352 igitar
1226 3287 1289 3338 Τη-

235 3412 244 3423 „
316 3362 404 3417 'chalio
421 3380 454 3416 ex
472 3381 519 3438 sua
537 3373 612 3433 parte
630 3363 676 3428 id,
695 3364 767 3434 quod
781 3367 926 3422 Daemones
943 3367 1022 3420 dixit.
1064 3393 1066 3400 ·

329 3469 364 3530 ¹2.
395 3464 517 3530 Errant
530 3466 570 3546 ii,
589 3467 664 3552 qui,
684 3466 904 3534 Faeciolatum
922 3469 1072 3557 sequuti,
1092 3469 1219 3536 docent
1237 3483 1289 3538 at·

232 3551 304 3700 ¹pai
319 3549 401 3639 poni
414 3550 449 3616 iu
466 3551 654 3616 continuata
670 3553 829 3617 sententia
845 3576 910 3640 pro
926 3567 1037 3643 atque,
1054 3567 1158 3642 atque
1172 3559 1287 3622 etiam

230 3669 237 3677 ·
277 3655 333 3699 um
358 3657 435 3700 uam
459 3637 548 3702 enim
571 3637 668 3724 atqui
693 3637 813 3702 coniuu
838 3638 864 3703 it
891 3640 1037 3728 aequalia
1066 3651 1123 3704 aut
1159 3645 1287 3716 similia,

244 3719 302 3783 sed
325 3741 347 3784 u
371 3723 448 3809 ique
475 3723 708 3788 adversativam
734 3662 1008 3812 significationem
1031 3725 1093 3792 sibi
1115 3732 1286 3816 propriam
1320 3747 1321 3750 ’

230 3801 413 3892 perbibet,
440 3829 548 3896 neque
570 3809 767 3882 sententiam
783 3812 1042 3896 consequutione
1064 3815 1224 3899 producit
1240 3818 1287 3891 ita,

235 3901 280 3954 -ut
293 3891 336 3956 sit
350 3892 423 3956 und
437 3914 492 3958 ao.
527 3893 564 3958 Id
583 3916 652 3959 uon
677 3895 754 3958 satis
776 3895 926 3961 distinxit
949 3896 1236 3986 Voorda‚.quum
1258 3901 1286 3963 iu

228 3975 330 4041 ·'Lect.
346 3975 436 4042 Tull.
452 3999 483 4041 c.
499 3981 529 4042 8.
548 3980 588 4044 de
605 3980 774 4066 utriusque
790 3981 937 4047 vocabuli
954 3981 1143 4049 discrimine
1168 3996 1286 4074 ageret,

240 4073 274 4124 et
284 4061 508 4136 schwartzius
526 4065 561 4130 iu
578 4063 765 4130 Tursellino
783 4065 866 4132 falsa
881 4070 1034 4156 apposuit
1048 4071 1205 4160 exempla
1223 4071 1284 4138 Cic.

193 4220 199 4228 ,
238 4149 405 4232 Agraei,
426 4153 459 4215 6.
479 4151 574 4217 Verr.
593 4155 628 4233 1,
647 4155 711 4233 42,
735 4154 806 4218 108.
813 4197 825 4230 ,
847 4152 1017 4240 inquibus
1040 4158 1233 4224 necessario
1256 4166 1283 4220 at
