2726 4746
189 308 192 317 '
253 345 316 409 484
517 308 520 319 ’
569 304 792 420 *1Τονῇ
836 340 902 406 Ac.

340 483 822 578 consentaneumque
841 491 925 580 poni
944 486 1040 559 iuter¹
1052 495 1141 562 duos
1163 498 1311 587 impers-

257 587 355 656 tivos.
399 580 497 645 Cuius
514 579 561 644 rei
578 600 723 642 caussam
741 577 893 664 equidem
907 601 975 642 non
993 583 1171 670 conspicio
1192 587 1311 672 inipso

260 671 441 748 celeritate,
474 687 537 752 qua
565 675 761 750 utrumque,
794 663 884 750 quod
910 664 1060 748 iubetur,
1092 668 1311 735 efficiendum

259 759 319 836 sit,
341 751 397 818 sed
414 765 468 816 uut
491 754 526 814 in
545 753 701 838 proxima
723 750 933 834 connexione
956 753 1106 838 sequuli,*
1127 750 1198 840 qua
1223 769 1309 819 utru-

260 847 324 929 q‘ue
339 839 424 904 uctio
441 839 477 900 in
497 858 598 900 uuam
616 837 701 914 coit,
725 844 781 899 aut
798 835 835 909 in
850 835 932 918 istu,
959 859 1059 924 quem
1077 845 1310 928 exposuimus,

257 924 516 1012 consequutione
536 927 701 1014 continuo.
1002 931 1005 940 ’

360 1046 468 1096 Terent
477 1044 570 1094 Heaut.
586 1043 613 1106 4,
627 1041 694 1118 7‚,3.
715 1059 784 1113 cape
799 1039 851 1094 hoe
867 1051 1015 1113 argentum
1033 1063 1067 1098 ac
1084 1036 1184 1114 defer.
1204 1047 1310 1115 Adelph.

324 1129 359 1195 4,
382 1127 417 1192 5,
433 1125 476 1178 65.
496 1125 544 1180 ehi
570 1126 683 1180 domum
709 1147 743 1180 ae
766 1127 833 1180 deos
853 1137 1040 1198 *comprecare
1072 1129 1105 1192 2,
1125 1127 1164 1194 ,4,
1189 1129 1235 1182 16.
1258 1143 1310 1184 tace

325 1213 412 1270 ruodo
437 1229 477 1288 ac¹
498 1229 610 1282 sequere
634 1212 694 1266 hac.
728 1211 811 1264 Andr.
835 1210 869 1278 1,
884 1213 924 1276 ¹5,
952 1212 995 1266 64.
1017 1231 1144 1286 propere
1170 1227 1263 1286 atque
1282 1243 1310 1256 ·-

231 1343 234 1350 ,
324 1295 434 1370 oudin?
454 1323 490 1336 ·-
507 1295 620 1350 veritum
634 1315 717 1350 unum
731 1314 798 1350 cave
814 1295 849 1352 ds
869 1299 987 1370 nuptiis.
1030 1300 1071 1358 Itu
1093 1297 1310 1368 interpungende

323 1387 608 1535 hssaedoiiiiiquutiouesn
637 1464 739 1518 habent
758 1457 868 1518 Terent.
892 1465 1004 1536 Adelph.
1031 1463 1064 1531 2,
1094 1463 1128 1542 i,
1156 1464 1205 1518 31.
1237 1468 1310 1520 mitte

325 1558 398 1622 ista,
417 1561 502 1626 atque
518 1550 557 1604 ad
573 1571 630 1605 rem
648 1551 716 1606 redi.
749 1551 832 1605 Andr.
856 1549 889 1618 5,
907 1549 941 1620 3,
956 1551 982 1604 2.
1008 1569 1066 1604 rem
1089 1553 1193 1622 potius
1220 1553 1309 1625 ipsam

326 1642 387 1703 dic,
405 1658 438 1692 ae
456 1638 535 1690 mitte
551 1635 625 1689 male
649 1635 734 1708 ioqui.

224 1747 230 1756 '
324 1747 372 1808 ·9.
401 1739 513 1804 Redeo
540 1737 580 1802 ad
603 1739 783 1824 particulae
809 1739 875 1806 vim
902 1723 1144 1825 amplificandi,
1177 1738 1223 1804 de
1248 1762 1308 1826 qus

233 1862 234 1866 ¹
257 1851 358 1916 supro
372 1825 502 1913 loquuti
521 1845 646 1888 sumus.
661 1825 664 1837 ⁴
688 1825 839 1906 Etenim,
861 1834 899 1888 ut
916 1835 1013 1888 'antea
1031 1823 1174 1888 vidimus
1191 1826 1230 1888 in
1246 1848 1306 1889 no-

256 1913 403 1992 tionibus
420 1910 676 1994 coniungendis,
697 1911 742 1975 ito
758 1911 856 1990 etiam
877 1910 912 1974 in
936 1909 1102 1973 sententiis
1123 1931 1306 1976 conseren-

62 2043 102 2079 κ,
204 2062 207 2066 ,
257 2002 306 2065 dis
326 1998 430 2063 oratio
452 2019 511 2094 per
534 2012 655 2072 ATQVE
678 1996 847 2060 adscendit
870 1995 911 2058 cd
935 1995 1085 2080 graviore
1109 2004 1144 2056 et
1164 1997 1304 2076 maiora,

255 2086 390 2170 reliquis
407 2081 656 2170 aequiperando.
677 2081 766 2146 Tum
786 2080 943 2169 «inplicari
955 2090 1065 2168 potest
1078 2093 1140 2168 per
1154 2094 1190 2148 et
1208 2082 1302 2157 adeo,

239 2167 356 2260 *utque
374 2168 474 2234 odeo.
810 2171 816 2180 ’
897 2189 899 2194 ’
1229 2204 1232 2210 -

359 2289 519 2342 Goercntius
546 2289 626 2341 docet
648 2289 683 2339 ud
711 2289 796 2341 Cicer.
821 2289 902 2360 llced.
921 2285 1102 2354 2.,'40,126.
1127 2288 1196 2358 poni
1221 2305 1302 2349 suoru

323 2391 372 2444 pro
387 2377 474 2426 'immo
485 2378 600 2449 -potiun
635 2375 722 2448 Verisa
739 2385 800 2425 suut
815 2375 896 2428 haee:
916 2377 1015 2429 Fatum
1032 2371 1105 2426 illud
1123 2377 1214 2426 etium
1224 2409 1232 2435 ‚
1251 2388 1301 2442 quo

324 2460 419 2523 omnia
436 2459 571 2510 contineri
591 2457 701 2520 dicitis,
722 2469 876 2512 contemno.
913 2459 959 2512 Ne
981 2453 1167 2528 aedificatum
1194 2457 1302 2528 quidem

227 2544 229 2553 '
322 2541 542 2595 innectendum
561 2540 657 2594 divino
676 2532 793 2596 c'onsttte
816 2547 975 2598 existimor*
987 2555 1071 2615 atque
1091 2541 1168 2594 haud
1189 2544 1249 2595 scio
1267 2560 1302 2594 an

324 2629 367 2682 ita
390 2630 437 2681 sit.
455 2629 541 2679 ‘Haec
563 2623 609 2677 illc
630 2625 763 2696 explicat:
788 2629 831 2681 vel
857 2631 945 2698 potius
968 2629 1073 2692 nescio,
1091 2645 1125 2678 an
1143 2628 1181 2677 ite
1200 2629 1252 2678 sit:
1272 2626 1301 2678 de

321 2732 374 2784 quo
400 2713 566 2766 vehementer
590 2711 698 2774 dubito,
723 2711 770 2762 sed
791 2711 861 2764 hunc
887 2731 989 2764 sensum
1015 2713 1154 2779 intelligo:
1183 2723 1215 2764 et
1241 2714 1302 2763 item

321 2799 393 2852 haud
409 2799 464 2850 scio
485 2791 572 2850 an'ite
591 2797 634 2848 sit.
667 2799 702 2847 At
719 2797 833 2849 certiora
856 2799 973 2866 exempla
989 2799 1055 2850 haec
1073 2812 1215 2866 epponem.
1250 2797 1301 2848 Gic.

322 2882 428 2936 Tuscul.
446 2880 480 2947 5,
498 2883 548 2947 21,
569 2880 612 2934 62.
637 2883 749 2936 Satisne
767 2882 878 2936 videtur
895 2883 1051 2944 declarasse
1073 2883 1245 2951 Dionysius,
1264 2884 1301 2935 ni·

246 2993 249 3000 ·
321 2967 439 3049 dillessle
455 2970 481 3022 si
498 2966 616 3030 beatum,
634 2969 680 3021 cui
697 2985 803 3039 semper
817 2969 921 3042 aliquis
939 2979 1026 3020 terror
1043 2966 1233 3038 impendeat?
1253 2969 1300 3020 At-

324 3073 377 3128 que
394 3057 420 3108 ei
438 3073 472 3108 ne
491 3051 757 3124 integrum,‹jtriderrr
781 3059 859 3116 erat,
886 3064 918 3105 ut
943 3051 981 3106 ad
1007 3055 1146 3108 iustitium
1170 3052 1302 3123 remigra-

320 3150 380 3200 ret,
400 3138 506 3194 civibus
520 3137 689 3194 .libertatem
707 3147 734 3190 et
750 3141 813 3206 iure
829 3138 963 3192 redderet.
996 3145 1022 3206 p.
1040 3128 1110 3189 Tull.
1127 3135 1155 3190 4.
1179 3135 1301 3199 aemilii

220 3235 225 3246 '
320 3227 410 3294 nragis
428 3219 838 3296 illudleirorandumoidetur·
873 3225 950 3274 dont.
969 3223 1002 3274 de
1019 3213 1126 3286 Odisti,
1144 3222 1177 3286 5,
1195 3221 1241 3282 23.
1270 3221 1300 3273 de

319 3312 382 3364 Nat.
398 3309 424 3360 d.
442 3309 476 3374 2,
497 3307 530 3370 9,
546 3304 590 3360 25.
621 3305 752 3368 Quinctil.
771 3307 860 3358 instit.
878 3307 911 3372 1,
930 3295 980 3373 10,
999 3307 1040 3358 16.
1060 3319 1200 3378 postquam
1220 3327 1299 3360 enar-

319 3403 597 3470 raverat‚.quuntunr'
609 3392 764 3462 philosophi
780 3394 922 3445 tribuerint
949 3392 1063 3444 musicae
1089 3393 1159 3457 arti,
1176 3393 1231 3444 ait:
1249 3394 1299 3447 At·

286 3529 289 3536 ,
320 3498 372 3550 que
392 3475 453 3532 eoric
471 3469 572 3531 uictura
592 3481 656 3547 ipsa
675 3477 785 3532 videtur
809 3477 848 3532 ad
868 3475 1031 3532 tolerandos
1043 3473 1170 3548 facilius
1186 3475 1300 3532 lalrom

195 3585 202 3598 ’
245 3606 247 3612 κ
321 3563 400 3620 velut
417 3565 521 3617 muneri
537 3560 619 3616 nobis
636 3562 754 3616 dedisse.

353 3667 407 3720 Cic.
427 3669 461 3736 ad
477 3671 550 3721 Fam.
567 3665 601 3730 6,
621 3666 653 3731 1,
674 3665 716 3728 11.
733 3668 821 3720 simus
840 3667 928 3738 igitur
947 3684 979 3720 ea
994 3663 1098 3731 mente,
1120 3648 1206 3738 quam
1220 3657 1298 3719 'ratio

317 3760 346 3804 et
369 3737 474 3818 veritus
496 3748 677 3824 praeseribit,
703 3760 734 3804 ut
760 3749 832 3806 nihii
859 3755 888 3806 in
914 3752 975 3805 vite
995 3749 1076 3804 nobis
1096 3743 1300 3822 piaestundum

250 3849 252 3854 ·
315 3846 427 3904 praeter
450 3825 563 3910 eulpam
579 3845 724 3906 putemus,
745 3854 831 3915 eaque
850 3855 933 3909 quum
959 3849 1116 3902 careamus,
1133 3837 1231 3889 omnia
1251 3836 1300 3888 hn-

259 3931 261 3936 '
316 3937 400 3973 mana
420 3923 534 3992 placate
553 3933 581 3976 et
597 3921 738 3976 moderate
757 3917 892 3990 feramus.
925 3922 1018 3993 Atque
1034 3921 1106 3976 haee·
1120 3937 1152 3975 eo
1174 3926 1300 3992 pertinet

316 4009 426 4073 oratio,
447 4019 479 4062 ut
495 4005 614 4079 perditis
624 4007 711 4064 ,rebus
729 4006 872 4071 omnihus,
892 4017 985 4060 tamen
1004 4011 1069 4079 ipsa
1085 4008 1176 4060 virtus
1190 4024 1223 4059 se
1239 4023 1299 4059 sus·

317 4100 424 4148 tentare
448 4112 532 4165 posse
555 4093 693 4150 videatur.
728 4093 746 4143 i.
763 4111 787 4165 e.
815 4101 893 4160 atque
920 4093 995 4146 adeo.
1038 4093 1113 4142 Caes.
1138 4095 1167 4142 Β.
1187 4092 1244 4143 etv.
1271 4092 1298 4154 2,

315 4176 359 4240 Ι28.
376 4177 429 4233 hac
442 4178 540 4236 habita
550 4182 685 4245 oratione,
700 4176 808 4256 nullam
823 4181 853 4234 i'n
867 4188 976 4244 partem
986 4174 1021 4230 ab
1029 4169 1154 4232 coercito
1168 4175 1297 4231 Curionis
