2764 4746
223 327 288 404 266
398 314 674 436 ,notorium
716 324 1074 412 Amovmrvuveb

289 489 334 554 nbi
354 484 472 540 nonnulli
493 483 556 550 libri
574 475 701 554 praebent
724 481 897 556 ademtam
919 486 1049 556 plurium.
1092 483 1151 556 Quo
1175 477 1259 534 modo
1291 493 1294 496 ·

290 574 413 627 different
431 568 597 638 loquutiones
615 571 758 642 aliquanto
785 571 931 643 panciores
955 580 984 622 et
1006 567 1101 622 ocultis
1126 563 1261 637 partibus

290 659 435 734 pauciores
452 651 566 706 wolfius
587 653 621 704 ed
635 658 741 706 sueton.
762 654 834 705 Ceos.
853 653 894 706 10.
912 652 1031 717 notovit,
1055 661 1084 701 et
1100 667 1153 701 non
1170 667 1259 719 expo-

289 743 384 815 posuit.
417 719 469 790 de
485 737 555 806 quod
572 737 667 806 legitur
685 757 708 789 c.
724 737 766 790 68.
784 742 879 793 ceteris
900 735 1013 808 proeliis
1030 739 1186 790 innumeras
1204 734 1260 787 ad·

289 823 471 882 versariorum
488 823 599 892 copias,
622 823 718 876 multis
741 821 869 892 partibus
892 823 948 894 ipsi
974 821 1135 892 pauciores,
1160 813 1258 888 focile

287 918 460 982 superarunt.
493 908 537 960 vix
562 907 707 978 comparari
729 917 849 976 poterut:
877 923 939 960 nem
960 905 1053 958 multis
1070 901 1196 974 partibus
1214 915 1259 956 est

287 994 376 1048 multis
393 994 422 1046 iu
438 993 520 1058 locis,
537 993 624 1046 multis
649 993 677 1043 in
702 992 854 1060 agminibus.
894 989 1048 1064 Aliquanto
1074 992 1164 1060 magis
1190 989 1260 1042 dixit

236 1129 239 1138 .
274 1089 337 1152 'pro
358 1080 443 1133 mutto
468 1081 558 1152 magis
575 1075 699 1142 Quinctil.
717 1072 751 1142 4,
767 1077 799 1140 2,
817 1076 962 1149 2111111111
985 1077 1057 1132 enim
1081 1073 1203 1128 narratio
1228 1079 1260 1129 in

291 1165 345 1220 1100
363 1174 471 1236 reperta
488 1174 551 1225 est,
570 1171 726 1215 attentum
750 1170 897 1232 cognoscat
922 1155 1020 1234 iudex}
1046 1157 1096 1214 secl
1112 1160 1258 1231 eliquanto

291 1253 398 1322 magis,
418 1257 449 1301 ut
467 1247 629 1301 consentiat.
661 1243 696 1310 8,
712 1243 746 1307 8,
763 1239 806 1299 89.
825 1253 852 1298 et
867 1246 971 1296 sueton.
990 1239 1049 1296 Tib.
1066 1236 1109 1296 57.

303 1352 335 1418 4.
361 1333 517 1416 A'diectivi
541 1345 752 1436 aliquantum
782 1369 846 1434 pro
873 1347 1075 1412 substantivo
1099 1345 1198 1434 positi
1223 1355 1259 1412 et

223 1461 319 1526 saepe
333 1457 410 1501 oum
447 1436 567 1500 enitivo
583 1429 748 1497 coniuncti
763 1431 914 1520 exemplu
929 1431 1001 1498 vide
1012 1429 1053 1496 ¹in
1075 1429 1205 1514 lexicis,
1223 1443 1259 1498 et
1284 1457 1287 1460 ·

132 1577 137 1582 .
223 1523 340 1589 confer
360 1460 526 1588 Druluenb.
551 1517 592 1584 ud
615 1519 684 1583 Liv.
708 1521 770 1595 21,
795 1521 858 1598 28,
889 1521 940 1582 11.
972 1512 1030 1581 ubi
1052 1515 1123 1581 iure
1146 1530 1257 1604 negot,

224 1607 354 1678 Livium
379 1605 498 1672 dixisse
514 1603 777 1692 trepidationem
792 1602 843 1666 ati
863 1611 1008 1670 orantum.
1018 1601 1172 1667 edebant.

165 1693 170 1708 '
305 1698 323 1736 ⁴¹
356 1690 576 1756 Coniunditur
598 1687 772 1776 aliquanto
795 1627 863 1752 ini

224 1779 267 1844 ob
283 1773 445 1844 scribendi
457 1771 692 1864 compendium
712 1768 861 1859 eliquari.
888 1768 954 1838 v'id.
968 1769 1106 1837 Bentlei.
1124 1773 1164 1837 ud
1183 1773 1255 1838 Te-

222 1869 305 1930 rent.
319 1860 496 1944 Heuut.·1,
516 1867 555 1941 2,
577 1863 629 1924 27.
658 1854 826 1922 Drakenb.
858 1857 898 1922 od
914 1857 983 1924 Liv.
1008 1862 1047 1930 2,
1073 1855 1139 1941 19,
1155 1859 1186 1924 5.
1221 1861 1255 1934 5,

223 1951 284 2030 26,
303 1953 334 2012 6.
368 1947 406 2028 5,
427 1951 487 2028 29,
511 1947 542 2011 5.
567 1963 642 2008 cum
667 1940 717 2007 ati
737 1943 924 2007 conuiuium.
957 1941 1022 2009 vid.
1038 1937 1195 2008 Torrent.
1213 1941 1256 2010 ud

119 2068 122 2076 ·
222 2033 294 2100 Vel.
311 2032 400 2098 Mox.
419 2033 457 2114 3,
481 2037 509 2096 1.
532 2038 597 2096 ext.
617 2035 647 2093 1.
672 1966 836 2092 Gebhard.
853 2029 893 2094 od
908 2029 977 2096 Liv.
997 2035 1034 2106 1,
1056 2031 1077 2093 7
1086 2076 1096 2112 ,
1115 2034 1147 2094 9.
1167 2029 1255 2098 Dro-

225 2119 327 2187 kenb.
343 2117 438 2200 odi,
459 2121 519 2200 86,
540 2117 572 2182 5.
603 2115 747 2196 39,29,
771 2115 801 2179 1.

221 2261 1253 2393 1110111111111.1110111100.

304 2435 480 2506 vocabulis
498 2447 786 2518 ,1110111111111
808 2439 840 2504 et
860 2453 1112 2516 nurovsunmo
1142 2433 1258 2504 omnin

224 2522 411 2594 communio
424 2534 511 2622 111111,
525 2547 605 2611 quoe
623 2525 658 2588 in
674 2525 886 2612 aliquantum
902 2531 934 2588 et
956 2514 1132 2614 aliquanto
1153 2533 1255 2630 notos

102 2657 107 2661 —
220 2613 345 2680 vimus:
369 2615 822 2696 eu,ne1ierumponomus,
844 2603 916 2696 ipse
937 2608 1021 2674 eide.
1064 2609 1168 2696 Atque
1191 2609 1257 2673 de·-

220 2699 380 2764 minuuvs
398 2697 508 2764 formu
524 2696 559 2759 in
578 2693 639 2758 hoc
659 2696 841 2758 accessione
856 2694 895 2757 ud
914 2695 1171 2780 magnitudinem
1195 2694 1258 2758 do-

221 2783 415 2871 eignondum
431 2799 549 2872 purum
576 2779 685 2846 differt
694 2827 709 2856 ‚,
730 2779 791 2844 nisi
815 2779 993 2846 modestiue
1019 2781 1123 2866 magis
1145 2781 1258 2846 inser-

220 2869 303 2948 viui,
334 2865 428 2933 sicuti
447 2889 509 2932 nos
531 2883 726 2954 usurpamus
756 2865 854 2930 verba
885 2866 940 2930 ein
966 2863 1161 2948 Wcilcbem
1196 2866 1259 2930 ein

92 3007 94 3012 .
219 2953 375 3021 ziemliclc
403 2945 457 3018 W
453 2953 601 3033 ottobon,
640 2951 695 3015 ein
716 2945 888 3038 Biſsrcleett.
939 2949 977 3014 ln
1008 2943 1099 3014 libris
1123 2949 1257 3036 scriptis

118 3067 121 3070 ·
219 3041 289 3106 fere
306 3035 427 3128 ubique
445 3040 484 3103 de
509 3032 676 3102 condimus
692 3039 866 3184 ut'rompu'e
881 3029 979 3100 simul
992 3025 1147 3100 formum.
1177 3035 1258 3102 vid.

218 3123 387 3194 Drolrenb.
411 3123 450 3190 ud
500 3124 542 3188 iv.
567 3123 587 3186 7
596 3161 606 3200 ‚
632 3125 692 3200 36,
716 3121 755 3202 5,
786 3123 806 3186 2
836 3160 845 3198 ,
870 3126 928 3201 12,
961 3126 996 3186 2.
1038 3120 1258 3210 Oudendorp.

220 3211 261 3277 od
278 3213 414 3276 Sueten.
430 3209 507 3272 Ner.
524 3210 577 3270 48.
592 3207 728 3291 interpr.
743 3204 783 3268 od
800 3205 867 3268 Cic.
882 3206 996 3270 Porud.
1013 3211 1052 3288 e,
1074 3213 1103 3272 1.
1146 3205 1185 3270 Id
1198 3215 1258 3271 tu-

217 3303 295 3362 men
312 3295 497 3359 observasse
513 3283 596 3356 mibi
611 3286 736 3370 videor,
752 3289 839 3378 apud
857 3291 1050 3367 Ciceronem
1065 3303 1097 3355 et
1110 3291 1259 3376 Livium,

139 3418 143 3426 ,
219 3378 467 3474 aliquantulum
480 3401 551 3444 non
567 3375 764 3443 substantivo
787 3374 916 3460 forms,
940 3399 1023 3464 quoe
1042 3399 1118 3445 oum
1131 3377 1259 3463 geniti-

218 3489 261 3534 vo
286 3466 406 3532 ooniun
432 3474 524 3546 ntur,
552 3462 721 3550 usurpari:
756 3480 834 3526 num
855 3463 890 3526 in
915 3463 983 3529 Cio.
1003 3463 1044 3528 de
1062 3461 1132 3530 lut.
1154 3468 1193 3545 2,
1219 3467 1257 3545 9,

218 3559 272 3629 29.
294 3487 463 3618 01101111.
480 3550 519 3626 4,
542 3550 603 3631 24,
623 3552 675 3611 66.
691 3545 839 3634 plerique
856 3547 984 3614 codices
1007 3553 1044 3614 ei*
1055 3547 1175 3636 optimi
1190 3566 1259 3612 ex·-

129 3691 147 3702 ..
217 3636 333 3705 bibent
346 3637 576 3726 aliquantum,
597 3653 684 3696 nunc
699 3631 945 3712 restituendum.
974 3633 1075 3700 Verbi
1090 3633 1258 3721 aliquoo-
1290 3643 1293 3655 '

217 3722 289 3790 toto
303 3745 375 3788 non
388 3721 451 3788 nisi
465 3738 571 3784 unum
585 3715 774 3804 exemplum
787 3717 897 3782 inveni
912 3719 999 3806 opud
1016 3719 1208 3806 Vopiscum.

204 3887 206 3892 Ι
319 3821 373 3876 cic.
386 3823 478 3876 Pered.
494 3820 529 3887 3,
549 3821 574 3873 1.
590 3823 767 3889 0111111001
779 3829 886 3873 evertat
902 3817 1070 3891 gubernator
1087 3839 1125 3873 nn
1141 3819 1257 3892 paleae,

284 3910 314 3966 in
333 3927 364 3964 re
389 3904 610 3978 aliquantulum,
635 3907 665 3960 in
687 3904 878 3976 gubernatoris
899 3907 1009 3960 inscitia
1032 3904 1104 3960 nibil
1129 3908 1256 3961 interest.

285 4011 343 4047 enm
364 3992 449 4044 ironia
472 3992 598 4062 quedam,
623 3989 677 4042 eive
701 3991 832 4058 intelliges
856 3991 980 4058 multum,
1004 3991 1058 4044 sive
1082 3991 1190 4060 aliquid.
1217 3991 1256 4043 de

280 4064 624 4156 1111111710...
641 4083 733 4129 eutem
754 4073 960 4144 aliquantulum
982 4091 1147 4148 progressus
1171 4089 1255 4141 uret,

204 4157 207 4165 ’
284 4163 377 4224 suono
401 4159 546 4220 exacuto
564 4159 713 4225 hinnitum.
747 4161 823 4212 oret.
846 4154 898 4226 40,
921 4153 980 4216 118.
1004 4171 1044 4216 ur-
1058 4163 1253 4235 composito

865 1687 942 1752 ibris
968 1707 1043 1752 cum
1067 1685 1255 1775 aliqu-ontio
1360 1738 1364 1742 ·
