2726 4746
70 2247 73 2255 V
161 2267 171 2282 '
215 2269 402 2360 Viurpatur
426 2267 515 2334 enim
535 2278 657 2345 ATQVE
681 2268 716 2332 in
739 2264 920 2332 adiiciendo
946 2291 1006 2348 eo,
1030 2289 1097 2356 quo

216 339 281 404 478
457 375 460 388 ·
599 333 761 417 ATQVE.
804 337 872 401 AC.
984 345 987 352 '
1053 355 1056 362 “
1341 322 1343 429 i

216 491 391 572 incedunt,
415 494 580 578 spectare,
602 489 658 558 scd
676 490 845 578 praemitti
868 489 908 555 iis
928 492 1115 569 sententiis,
1139 493 1179 558 in
1198 497 1278 584 qui-

216 579 278 644 bus
303 579 383 666 ipsis
406 575 489 642 duae
513 597 567 641 res
589 575 675 640 inter
701 599 736 640 se
759 598 801 640 ex
825 597 930 664 aequo
956 591 1218 666 componuntup
1245 595 1277 647 et

217 673 469 754 comparantur:
500 660 590 748 quod
615 683 676 725 nos
700 663 873 728 vernacula
899 663 1011 750 lingua
1035 664 1180 730 reddere
1204 691 1278 732 non

220 770 406 902 ptpsumus.
456 748 547 846 Hinc¹
573 747 672 813 etiam
698 749 824 814 exsistit
855 749 1012 815 solemnis
1043 751 1201 816 formula
1235 777 1276 818 ac

216 861 252 904 ve
266 847 314 902 ut.
703 867 705 874 ,

319 953 374 1008 Cic.
393 951 426 1005 de
442 951 520 1008 orfic.
537 953 572 1018 2,
589 949 621 1017 5,
644 951 685 1006 16.
706 953 798 1026 Atque
815 963 846 1007 at
871 972 989 1027 magnas
1013 955 1157 1012 utilitates
1179 959 1278 1030 adipi·

200 1089 202 1094 .
285 1045 391 1097 scimar'
406 1041 614 1110 conspiratione
628 1037 770 1094 bominum
783 1051 867 1106 atque
883 1050 1026 1109 consensa,
1048 1045 1088 1095 sic
1102 1043 1195 1096 nulla
1216 1057 1276 1098 tam

286 1123 461 1182 detestabilis
480 1124 570 1194 pestis
589 1136 640 1188 est,
657 1141 731 1197 quae·
743 1143 798 1178 non
817 1123 923 1180 bomini
939 1124 1105 1194 albaniae
1125 1143 1276 1184 nascatur.

283 1211 391 1263 Scilicet
408 1209 542 1260 contraria
562 1209 640 1260 etiam
661 1211 698 1261 ita
717 1209 863 1280 comparari
888 1205 1014 1280 possunt,
1040 1221 1070 1264 ut
1093 1214 1147 1264 iam
1165 1218 1276 1268 monuit

189 1337 191 1344 .
282 1297 398 1349 Beierus.
434 1295 467 1345 de
484 1297 556 1373 Orat.
575 1295 608 1358 2,
624 1292 674 1358 40,
695 1294 754 1348 169.
779 1305 862 1366 atque
881 1307 996 1366 atroque
1020 1299 1048 1349 in
1065 1314 1167 1369 genere
1187 1311 1218 1352 et
1238 1305 1275 1355 si-

224 1375 229 1382 ’
285 1377 457 1433 militudinis
477 1387 504 1431 et
529 1377 765 1433 dissimilitudinis
789 1379 918 1450 exempla
933 1377 1006 1432 'sant
1024 1401 1057 1434 ex
1076 1381 1203 1437 aliorum
1217 1381 1274 1454 fa·

227 1459 235 1476 '
289 1469 342 1520 ctis
366 1473 418 1516 ant
444 1458 528 1518 dictis
554 1475 605 1517 eat
629 1467 753 1531 eventis,
771 1471 800 1520 et
811 1463 902 1536 fictae
918 1469 1093 1522 narrationes
1113 1487 1202 1540 saepe
1221 1489 1274 1542 po·

289 1549 406 1607 nendae·
501 1611 505 1628 Ι
780 1575 792 1603 x
1192 1619 1195 1624 ,

294 1717 298 1736 ,
328 1647 426 1722 virgil.
448 1657 513 1706 Aen.
540 1653 571 1718 1,
597 1649 657 1705 148.
684 1669 717 1706 ac
742 1647 830 1724 velati
856 1655 886 1707 in
910 1668 1012 1726 magno
1039 1653 1148 1726 popolo
1167 1668 1223 1712 etc.
1244 1659 1273 1723 2,

157 1757 160 1771 ¹
198 1749 224 1806 ,'
285 1741 345 1794 626.
368 1737 403 1804 4,
426 1736 487 1791 402.
510 1736 545 1800 6,
573 1737 633 1791 707.
660 1738 692 1800 9,
717 1735 759 1790 69.
785 1740 878 1790 Horat.
898 1740 982 1792 Germ.
1003 1739 1037 1805 3,
1054 1740 1104 1803 28,
1126 1741 1153 1792 6.
1176 1745 1273 1796 Valet.

285 1829 373 1880 Flacc.
390 1821 422 1890 6,
441 1820 501 1876 664.
534 1823 566 1876 In
591 1825 687 1876 Catulli
711 1825 796 1894 Epist.
820 1825 854 1876 ad
879 1825 960 1876 Manl.
985 1823 1028 1893 63.
1053 1825 1193 1894 legendum
1213 1840 1272 1880 est:

233 1920 236 1926 “
283 1931 318 1966 ac
340 1909 419 1966 velat
443 1912 473 1963 in
495 1911 575 1982 nigro
602 1909 715 1963 iactatis
742 1903 850 1966 turbine
879 1911 973 1964 nautis
1000 1907 1088 1965 lenias
1113 1891 1272 1982 adspirans

286 2015 357 2052 aare
375 1991 497 2050 secanda
515 1994 600 2051 venit·
657 1981 660 1988 ’
1086 2015 1091 2048 r

196 2131 198 2136 v
300 2099 333 2165 5.
365 2097 451 2162 Haec
478 2093 518 2160 ad
544 2090 829 2184 comparationem
847 2100 1023 2161 'externam
1048 2099 1154 2184 magis
1185 2123 1269 2188 spe-

193 2196 200 2207 “
217 2194 317 2251 etant.
340 2183 412 2248 Alia
426 2179 619 2265 interiorem
636 2199 761 2246 nexum
781 2183 1018 2248 sententiarum
1034 2184 1269 2334 comprabatur.

1144 2269 1156 2334 i
1187 2317 1196 2346 ‚
1226 2272 1268 2336 dc

111 2389 113 2400 ν
217 2380 285 2446 quo
308 2365 402 2420 antea
417 2373 527 2419 sermo
545 2363 631 2434 erat,
650 2350 717 2418 sive
739 2371 780 2418 ex
800 2355 927 2418 natione
952 2377 1081 2420 caussae
1096 2357 1165 2421 sive
1180 2366 1269 2421 tem·
1343 2373 1344 2448 ζ

119 2517 124 2532 Ι
215 2444 309 2533 poris
325 2437 552 2524 consequitur,
568 2436 709 2524 ideoque
724 2435 757 2502 in
774 2439 812 2502 iis
834 2440 946 2512 locum
962 2439 1079 2519 habet,
1102 2463 1185 2534 quae
1206 2467 1269 2508 ne-

217 2527 367 2594 cessitate
385 2521 526 2614 quadam
543 2521 799 2603 continuationis
822 2526 874 2588 vel
893 2529 1162 2626 consequutionis
1178 2541 1267 2593 arete

93 2609 97 2616 i
149 2649 152 2655 ·
196 2601 403 2699 lcohaerent.
446 2610 516 2674 Nos
538 2605 675 2673 dicimus
697 2607 770 2676 rand
792 2631 851 2674 so.-
874 2611 990 2676 Graeci
1013 2609 1054 2677 ri.
1095 2611 1268 2679 Nimirum

213 2721 319 2768 nexus
334 2698 389 2763 ille
404 2691 578 2786 proximus
594 2717 633 2758 eo
651 2688 869 2780 significatur,
895 2697 985 2782 quod
1003 2698 1104 2763 altera
1118 2722 1171 2763 res
1188 2723 1266 2765 eum

217 2788 434 2869 alternaeque
449 2783 577 2848 salione
603 2779 834 2868 componitur,
861 2801 920 2846 nec
939 2782 1134 2870 simpliciter
1148 2786 1268 2851 adiun-

141 2871 144 2891 '‘
215 2875 323 2974 gitur,
344 2866 402 2934 sed
415 2864 456 2934 ad
470 2864 606 2932 alteram
630 2864 722 2934 illam
745 2865 889 2932 refertur
910 2869 1187 2956 aequiparatione.
1217 2872 1269 2938 lta

215 2954 430 3041 intelligimus
452 2972 580 3018 caussae
597 2968 739 3033 nexum,
763 2951 821 3017 ubi
842 2957 883 3018 ex
903 2953 1028 3017 duabus
1044 2955 1178 3020 rebnsa
1203 2979 1268 3021 en-

217 3043 267 3110 dis
285 3043 384 3108 altera
399 3041 533 3106 alteram
554 3059 664 3104 secum
679 3035 786 3119 ducit,
809 3049 864 3126 ant
881 3035 911 3102 ci
928 3039 1091 3128 originem
1108 2981 1265 3130 praeiret:

217 3130 307 3219 quod
325 3127 483 3216 explicari
498 3133 608 3214 potest
626 3145 685 3212 per
705 3125 738 3189 et
753 3125 818 3188 ito.
1054 3147 1055 3151 ¹
1099 3143 1101 3146 ·

261 3275 264 3284 ι
328 3243 417 3300 Livius
436 3247 487 3314 22,
508 3241 601 3319 6,12
619 3261 690 3316 qliae
706 3245 809 3314 punica
831 3241 967 3315 religione
991 3256 1103 3300 servata
1123 3243 1202 3316 ‘fides
1230 3245 1266 3300 ab

197 3335 200 3343 ⁴
285 3330 444 3387 Hannibale
465 3341 625 3400 essentque
644 3331 673 3382 in
693 3329 808 3382 vincula
821 3347 915 3382 omnes
937 3323 1064 3384 coniecit.
1085 3333 1269 3400 quenlocum

283 3428 382 3472 temere
397 3415 574 3470 sollicitarunt
595 3414 695 3466 critici:
722 3416 800 3468 colon
818 3411 966 3485 ponendum
985 3425 1059 3480 erat,
1082 3435 1136 3468 non
1153 3435 1267 3469 comma.

285 3503 363 3555 (loni.
382 3519 405 3557 c.
427 3499 476 3566 16,
496 3503 521 3553 1.
548 3490 661 3554 Terent.
678 3497 788 3569 Adelph.
810 3497 842 3559 4,
864 3497 898 3563 3,
916 3497 958 3551 15.
975 3500 1024 3553 sed
1041 3518 1084 3552 me
1100 3499 1269 3571 reprebendi

282 3600 393 3654 tamen,
414 3607 448 3642 ne
474 3585 543 3660 qrrid
568 3586 603 3640 de
622 3573 717 3655 fratis
743 3583 874 3656 garrulae
897 3583 943 3638 illi
968 3582 1102 3648 dicerem,
1127 3605 1159 3640 aa
1173 3585 1268 3656 fieret

282 3673 392 3746 palam.
413 3673 431 3725 i.
453 3691 475 3724 e.
495 3661 562 3742 dass
582 3667 625 3724 iclr
648 3669 728 3735 jener
753 3667 905 3722 l‘laaderin
922 3675 1009 3722 etwas
1027 3681 1123 3740 sagte,
1152 3671 1208 3723 anal
1232 3691 1263 3724 es

284 3773 317 3810 so
347 3755 467 3810 bekannt
493 3754 595 3808 werde.
628 3751 712 3806 Tacit.
739 3749 807 3805 Hist.
827 3753 861 3819 2,
883 3753 909 3808 2.
934 3757 1021 3825 igitar
1039 3773 1117 3808 oram
1139 3755 1267 3812 Achaiae

210 3891 212 3896 ,
283 3849 312 3896 et
335 3841 439 3912 Asiae,
465 3854 493 3895 et
519 3839 600 3894 laeva
628 3839 711 3891 maris
732 3847 897 3910 praevectus
924 3839 1057 3897 liborium
1084 3849 1112 3893 et
1139 3841 1268 3912 Cyprum

202 3993 204 4001 Ι
281 3925 406 3992 insulas,
434 3927 499 3980 inde
519 3927 632 3998 Syriam
652 3921 862 3977 aerdentioribas
886 3926 988 3994 spatiis
1004 3922 1135 3996 petebat.
1169 3929 1267 3997 Atque

284 4012 366 4068 illam
385 4007 486 4084 cupido
506 4009 616 4064 incessit
635 4009 758 4063 adeundi
784 4009 948 4081 visendique
978 4009 1112 4080 templa'm
1136 4010 1266 4080 Papiriae

289 4097 412 4152 Veneris.
454 4095 515 4148 Un'd
534 4111 565 4150 so
585 4092 685 4166 ergriff
706 4081 754 4147 ilari
779 4092 827 4146 der
849 4091 980 4151 Wnnscls
998 4105 1049 4146 etc.
1083 4095 1151 4146 Hist.
1168 4095 1264 4161 3,136.

285 4183 325 4236 Ae
346 4181 479 4240 Vitellius
499 4183 623 4258 -lcuris
641 4179 737 4232 laxam
760 4177 946 4236 obtendebat:
976 4195 1032 4233 non
1056 4199 1159 4251 parare
1174 4199 1262 4248 arma,
