2676 4748
638 307 684 388 n,
727 308 798 390 nn,
829 309 933 422 [Ans.

335 465 528 541 quissimonm
555 459 682 535 quidm,
715 441 765 518 int
788 474 880 538 tamen
907 473 1032 518 veterem
1058 459 1171 518 mollire
1194 471 1303 521 tentare

333 558 407 613 rint,
436 566 493 601 non
520 545 612 598 solum
646 565 781 602 aversa
811 566 864 619 pro
891 545 1071 604 abversis
1096 549 1228 613 dicendo,
1263 572 1301 605 se«

333 647 363 690 et
387 640 417 690 in
442 635 654 704 praepositione
676 633 702 686 B
724 632 835 690 litterae
863 631 999 687 absonam
1024 643 1052 686 et
1074 635 1166 702 ipsam
1192 635 1302 690 Ssubii

334 719 441 775 aiendo.
476 719 508 783 In
530 735 582 786 qno
604 718 665 770 loeo
694 718 787 770 mirum
811 729 888 786 qnam
910 719 997 770 multis
1020 734 1048 770 se
1068 707 1118 786 ipsi
1132 719 1303 788 implicuernn

334 803 533 859 difficultatibus
554 803 723 874 interpretes.
757 804 810 856 Res
830 813 871 854 est
887 806 1036 874 perspicua.
1066 797 1111 858 Ab
1124 807 1201 869 eninr,
1219 807 1296 873 primi

332 894 415 944 tirum
436 890 564 954 formem,
582 883 651 940 ‘iem
677 899 778 941 veteres
807 885 912 940 mollire
933 899 1069 942 tentarunt
1090 881 1194 941 abiecte
1215 891 1303 940 littera

333 977 452 1044 adeoque
476 961 671 1042 praepositioni
702 973 811 1026 seorsim
839 974 978 1044 ponendae
1001 984 1076 1026 extre
1097 976 1303 1042 compositiones

331 1059 489 1114 addiderunt
516 1061 534 1109 S
562 1059 840 1126 litteram-absonam,
865 1077 931 1128 quae
958 1076 1052 1129 perum
1072 1059 1185 1111 iambe-t.
1221 1057 1303 1110 Cicerc

333 1153 408 1199 Orat.
426 1131 470 1208 4'7,
489 1141 549 1196 158.
567 1161 623 1196 una
644 1149 817 1216 praepositio
835 1155 878 1200 est
894 1141 976 1208 abs,
991 1155 1062 1218 qtae
1076 1164 1146 1198 nunc
1162 1154 1268 1196 tantum
1284 1149 1303 1197 ir

317 1233 443 1302 'accepti
461 1227 569 1282 tabulis
587 1229 694 1290 manet,
722 1239 751 1283 et
767 1249 801 1282 ne
818 1227 862 1282 leis
879 1225 990 1301 qsddem
1004 1232 1144 1284 omniumr
1165 1231 1195 1282 in
1207 1229 1303 1300 relique

333 1337 385 1372 usu
398 1323 505 1367 mutata
519 1315 671 1386 estham
688 1301 971 1394 amooitsslicimas,
989 1322 1017 1365 et
1034 1311 1176 1384 abegit,
1194 1327 1220 1369 et
1236 1313 1303 1368 abs

333 1399 446 1458 entis,
477 1408 509 1450 ut
534 1401 591 1452 iam
614 1403 738 1461 nescias,
763 1395 860 1462 aisne
877 1397 1041 1458 simmam,
1068 1417 1106 1450 an
1123 1397 1197 1454 abs.
1235 1401 1303 1474 {laic

253 1531 255 1538 ,
282 1509 287 1523 ’
333 1491 357 1540 si
382 1488 467 1538 etiam
491 1481 651 1555 abfugit
678 1477 869 1558 turpfoisum
886 1493 944 1546 est,
971 1491 999 1537 et
1020 1479 1135 1554 abfer
1156 1481 1303 1544 noluerunt

333 1565 445 1640 aufer
470 1567 650 1622 maluerunt?
678 1569 749 1642 qaae
768 1573 945 1641 praepositio
962 1577 1073 1638 praeter
1092 1568 1159 1622 baec
1181 1569 1235 1620 duo
1251 1585 1303 1622 oea

332 1654 387 1716 ba,
413 1651 494 1706 nalla
519 1653 578 1710 alio
596 1659 626 1709 in
641 1653 724 1708 uerbo
740 1657 884 1724 reperitur.
917 1657 958 1704 Itn
976 1653 1114 1720 legendum
1130 1654 1239 1717 videtur,
1261 1673 1303 1705 nes

332 1739 480 1792 necessarie
502 1749 579 1802 sunt,
609 1755 676 1805 quse
692 1755 709 1788 e
742 1739 850 1794 chiitzio
865 1739 1010 1790 adduntur:
1040 1757 1059 1792 a
1073 1759 1108 1792 ne
1118 1755 1212 1792 oerum
1224 1743 1260 1792 sit
1273 1759 1303 1790 an

332 1823 376 1879 ab
393 1847 428 1864 -·
445 1817 563 1892 aufugit
580 1831 609 1874 et
626 1817 895 1893 auferxmaluerunt.
930 1824 986 1874 Nos
1009 1823 1159 1891 scripsimus
1177 1837 1205 1880 et
1221 1845 1252 1880 ne
1267 1822 1303 1874 bis

304 1907 456 1981 'quidem
481 1905 576 1973 copule
598 1913 628 1958 et
647 1906 757 1956 adiecta.
786 1906 880 1958 Cicero
904 1917 991 1979 nutem
1011 1909 1303 1978 demonstrassent,

330 1991 383 2043 alrs
404 2005 458 2040 non
479 1989 558 2040 modo
581 1990 820 2058 incompositione
836 1992 923 2042 locum
937 1991 1048 2058 hebere,
1075 1995 1122 2045 sed
1137 2012 1166 2046 re
1180 2013 1239 2046 vera
1253 2012 1303 2046 esse

330 2073 569 2146 praepositionem:
593 2091 653 2124 unm
674 2093 757 2128 unam
774 2075 843 2126 dixit
861 2093 910 2142 pro
926 2091 997 2142 vera,
1015 2055 1100 2146 quidis
1122 2098 1178 2131 esse
1195 2081 1303 2130 deberet.

330 2165 419 2225 Quare
443 2169 514 2210 err'sst
540 2161 707 2226 Schellerus,
742 2161 820 2228 quam
841 2160 962 2212 defendit
985 2162 1116 2232 antiquam
1140 2165 1290 2233 scripturam

250 2314 254 2324 Ι
276 2288 281 2306 ,
327 2267 385 2302 una
399 2248 572 2316 praepositio
588 2256 631 2300 est
646 2243 699 2300 abs
724 2271 759 2286 -
794 2243 986 2307 Quinctilianus
1008 2251 1033 2310 1,
1047 2243 1073 2310 6,
1088 2237 1131 2300 69.
1147 2246 1303 2322 frequenter

329 2344 424 2388 autem
442 2333 671 2401 praepositiones
695 2347 802 2402 quoque
827 2328 972 2399 copulatio
992 2331 1048 2382 ista
1065 2338 1232 2402 corrumpit.-
1244 2332 1303 2387 inda

330 2413 514 2473 abstulit,
541 2409 720 2484 aufugit,
746 2417 894 2473 amisit,
914 2431 996 2484 quum
1015 2419 1188 2486 praepositio
1208 2422 1246 2472 sit
1265 2415 1302 2471 ab

314 2499 403 2567 [sola.
437 2502 468 2548 In
484 2498 577 2564 quibus
592 2515 664 2561 non,
692 2506 723 2552 ut
739 2497 784 2546 nlii
801 2506 908 2564 putent,
928 2496 962 2547 ed
978 2499 1110 2551 Ciceronis
1123 2502 1202 2554 verba
1218 2505 1302 2572 respi-

326 2584 369 2636 sn
390 2581 602 2646 Quinctilium,
632 2581 679 2632 ser
701 2583 860 2652 primevam
885 2581 952 2632 neit
971 2570 1184 2653 praepositioni*
1197 2588 1301 2638 sormam

327 2687 385 2721 esse
407 2667 490 2719 solnm
509 2665 555 2722 ab.
579 2693 616 2708 -
648 2667 739 2720 Velius
752 2669 858 2732 Longus
880 2666 913 2722 dc
935 2668 1112 2738 orthograph.
1134 2690 1160 2739 p.
1174 2669 1251 2724 2224,
1267 2677 1301 2724 in·

327 2756 461 2824 cipiemns
481 2750 517 2804 ab
540 2751 607 2816 itta,
642 2770 726 2824 quam
753 2750 845 2804 Cicero
866 2753 897 2804 in
921 2749 1041 2808 Oratore
1055 2759 1212 2811 annotavit.
1252 2754 1301 2811 Va.

330 2842 375 2892 ria
398 2838 471 2890 enim
487 2837 657 2890 consuetudo
681 2841 711 2892 in
729 2853 817 2908 aequo
833 2846 876 2887 est
893 2832 937 2887 ab
952 2848 980 2891 et
996 2859 1014 2890 a
1030 2851 1058 2892 et
1074 2839 1139 2894 abs
1156 2853 1183 2895 et
1197 2863 1254 2903 au,
1274 2850 1300 2892 ut

331 2939 413 2996 quam
437 2920 553 2976 elicimus
577 2942 675 2987 ame,
702 2920 802 2974 deinde
819 2917 863 2970 ab
882 2919 973 2984 illo,
1001 2923 1101 2977 deinde
1125 2923 1300 2986 abstulit,

327 3006 428 3063 deinde
446 2995 594 3078 aufert.-
621 3005 696 3079 qaod
708 3021 774 3058 sane
789 3013 899 3056 tantum
916 3009 945 3060 in
961 3003 1068 3060 duobus
1084 3008 1175 3062 uerbis
1191 3030 1300 3082 usurpas

328 3105 387 3148 turn
411 3103 467 3154 est,
497 3088 634 3160 aufert
652 3100 681 3142 et
700 3085 870 3160 aufugit.
900 3091 1012 3146 stetten
1031 3089 1299 3165 bispraepositioni·

326 3179 378 3230 bas
391 3186 418 3230 et
433 3175 530 3236 illam,
556 3193 626 3246 quae
639 3171 765 3228 scribitur
779 3193 830 3245 per
846 3191 883 3227 ns
907 3174 1040 3236 litteram,
1059 3168 1110 3241 [its
1127 3180 1195 3230 enim
1211 3181 1299 3248 legen-

327 3265 406 3325 dum,
435 3277 489 3310 non
510 3279 560 3330 per
581 3276 601 3312 n
624 3258 776 3325 litteram15
813 3279 898 3336 quam
917 3257 953 3314 ab
968 3265 1091 3333 antiquis
1107 3255 1240 3318 usitatam
1254 3270 1298 3326 ait,

327 3349 448 3400 maxime
468 3348 497 3400 in
520 3342 677 3398 rationibus
703 3355 731 3398 et
755 3348 784 3400 in
802 3348 908 3416 accepti
931 3342 1045 3399 tabulis.
1081 3339 1157 3400 Nam
1175 3353 1298 3421 quotiens

188 3443 192 3460 ⁸
263 3464 268 3486 ι
326 3444 468 3504 acceptam
486 3433 632 3502 pecuniam
648 3425 821 3502 referebant,
847 3449 904 3484 non
926 3425 1054 3482 dicebant
1067 3451 1086 3482 a
1101 3431 1224 3504 Longo,
1254 3431 1298 3488 sed

263 3542 267 3550 ·
325 3518 377 3574 abs
393 3518 515 3588 Longo,
544 3515 591 3582 (itu
606 3514 684 3566 ctiam
697 3515 723 3566 h.
738 3517 757 3567 l.
784 3512 948 3568 scribendum
960 3511 1026 3581 erut)
1043 3525 1071 3568 et
1084 3512 1128 3570 siit
1141 3514 1297 3589 religionem

327 3605 398 3660 lianc
427 3599 564 3656 scribendi
592 3599 671 3671 epact
700 3603 885 3671 paucissimos¹
913 3603 1077 3654 repromisse
1101 3587 1213 3656 saeculo
1244 3621 1297 3656 sao.

319 3691 467 3762 ,Antiquos
480 3689 579 3740 scincus
592 3696 619 3740 et
637 3683 703 3738 abs
722 3696 754 3738 te
771 3685 893 3738 dixisse:
917 3703 969 3738 nos
983 3687 1107 3741 contenti
1122 3705 1219 3742 santus
1238 3711 1255 3742 a
1271 3699 1297 3741 tc

325 3777 425 3830 dicere.
461 3774 567 3828 Scimus
590 3765 715 3840 ipsos'et
731 3767 774 3822 ab
795 3763 974 3826 Lucil'lio
995 3767 1120 3826 dixisses
1137 3790 1188 3826 nos
1210 3773 1296 3826 obser·

324 3878 437 3921 ventus,
462 3869 493 3910 ut
515 3865 704 3928 praeponatur
725 3853 769 3907 lsis
790 3839 962 3914 nominibus,
992 3871 1063 3926 quae
1084 3871 1104 3907 a
1119 3857 1216 3912 vocali
1235 3861 1296 3911 inci·

326 3949 425 4017 piant,
454 3953 484 3994 ut
508 3962 589 4016 quam
611 3932 785 3994 etcinusa'b
812 3939 990 4012 Olympo.
1025 3938 1188 3996 Absamitar
1206 3954 1296 3996 autern

326 4030 393 4084 baec
410 4044 429 4079 n
447 4025 549 4092 littera,
572 4029 703 4100 quotiens
715 4027 828 4078 nomina
845 4043 864 4077 a
880 4029 1046 4086 consonanti
1062 4029 1107 4082 inc
1114 4033 1245 4099 piantur,
1268 4039 1295 4081 at

326 4137 345 4172 a
361 4112 529 4174 Ronsulo.
566 4115 598 4172 Si
621 4117 684 4189 quis
703 4115 797 4186 itaque
810 4111 974 4185 quaesierit,
999 4119 1083 4189 quare
1100 4134 1156 4171 non
1178 4115 1225 4170 ab
1246 4119 1295 4170 Iu·
