2784 4746
582 343 742 427 unove.
1100 359 1158 422 191
1217 347 1227 383 ⁴
1338 405 1340 410 .

944 441 948 486 ,
1298 457 1299 460 ,

187 498 380 552 demonstrarit
402 497 611 568 Lingiue¹Pleut
626 504 736 566 'Qneect
758 501 782 555 1.
806 519 833 572 p.
826 502 874 557 7..
893 504 978 556 varro
995 506 1028 560 de
1042 510 1121 565 Rc'r.
1134 509 1161 575 8,
1306 485 1308 492 Ι

184 587 219 652 8,
238 585 265 638 2.
284 601 371 654 aeque
389 583 479 638 latum
495 605 529 639 ue
547 587 661 640 mutilus
680 607 699 642 a
715 593 822 660 pariete
839 601 948 644 exstare
965 603 1069 662 potest.
1106 596 1161 652 tic.
1190 597 1193 606 “

165 675 219 724 ed
238 673 310 722 Fam.
331 667 381 733 18,
399 666 442 720 69.
460 669 509 722 secl
524 690 569 725 me
587 673 662 741 colit
674 685 703 728 et
718 672 848 728 observat
864 693 951 747 aeque
973 687 1058 748 atque
1077 679 1161 733 illum

187 764 280 826 ipsum
295 765 456 823 patronum
463 757 550 808 suum.
567 757 600 810 de
617 761 679 810 Nat.
691 759 723 810 d.
741 758 774 822 8,
793 759 844 824 18,
861 757 905 812 451
924 761 958 812 de
974 763 1055 815 Amic.
1071 763 1097 831 6,
1116 765 1160 822 22.

186 846 247 916 quis
269 847 342 893 esset
363 848 458 892 taetus
476 835 630 910 fruetus*
620 863 650 896 m
672 847 815 914 prosperis
836 843 931 910 rebus,
959 850 1015 902 nisi
1039 847 1165 914 baberet,

151 940 161 968 r
185 931 235 1004 qui
253 925 312 981 illic
329 941 416 994 aeque
432 935 514 978 actu
527 928 595 1017 ipre
609 925 770 1026 gauderet?
795 927 829 980 ad
846 931 916 982 F'am.
936 929 969 996 2,
988 933 1014 985 2.
1032 953 1074 989 me
1091 946 1162 990 certe

186 1010 315 1075 babebis,
334 1015 378 1066 eui
393 1021 421 1063 et
438 1024 516 1062 eurus
529 1027 615 1084 aeque
635 1013 674 1064 eis
700 1021 729 1065 et
753 1011 888 1066 iucundae
910 1033 944 1067 ae
960 1013 1053 1086 fuisti
1077 1023 1162 1090 patri.

183 1103 257 1153 Brut.
282 1095 334 1158 71,
356 1093 417 1148 848.
442 1098 489 1166 qui
513 1089 566 1148 tibi
590 1106 657 1155 111111
677 1115 764 1168 aeque
783 1101 846 1152 noti
870 1117 904 1153 ae
925 1101 1001 1156 milri.
1017 1123 1059 1173 pr.
1083 1107 1162 1158 Rosc.
1214 1126 1236 1176 J

186 1191 244 1241 Am.
261 1181 314 1244 40,
330 1179 388 1232 116.
408 1179 548 1231 Matinum
565 1181 619 1232 cte.
635 1181 670 1233 ed
686 1183 758 1236 Fam.
769 1183 829 1247 11,
847 1183 899 1252 28,
916 1185 1065 1243 711ὐί8111
1082 1193 1163 1244 vietis
1270 1231 1273 1249 .

185 1280 230 1325 ηε
242 1275 400 1340 parceretur
422 1283 509 1338 aeque
532 1279 566 1318 ac
585 1283 722 1338 promea
745 1266 838 1321 salute
856 1223 993 1326 laboravi.
1032 1274 1121 1326 oenus
1137 1273 1163 1338 6,

186 1353 229 1413 15.
246 1364 275 1408 et
292 1350 322 1406 iel
343 1349 572 1422 quiclerrt,‘aeqae
587 1351 718 1404 adustum
734 1362 819 1423 atque
834 1355 971 1420 excisum,
990 1359 1051 1412 tine
1069 1371 1102 1412 ea
1119 1362 1180 1412 11ιὲ

185 1440 311 1498 ratione,
334 1447 405 1507 quae
429 1435 538 1506 corpori
554 1450 637 1488 manu
655 1435 818 1503 adhibetur,
847 1439 958 1511 impleri
982 1459 1039 1494 aon
1057 1453 1162 1512 potest.

184 1525 272 1580 'lucit
288 1521 357 1572 Eiet.
374 1519 408 1583 4,
425 1517 453 1571 5.-
474 1518 666 1594 Quaestoriue
678 1521 770 1574 adbuc
791 1549 820 1563 -
839 1543 855 1578 e
874 1523 996 1579 moribus
1016 1532 1104 1582 soceri
1121 1530 1162 1580 ni·

23 1671 24 1684 ¹
187 1610 230 1666 til
252 1625 338 1683 aeque
362 1624 395 1656 ac
419 1601 575 1660 libertatem
604 1605 707 1661 bausit.
746 1607 855 1659 Terent.
881 1609 984 1660 Phorm.
1010 1611 1043 1674 l,
1067 1612 1102 1677 2,
1118 1610 1162 1672 48,

76 1701 80 1725 ·
115 1735 122 1747 ,
186 1709 334 1768 numquam
347 1707 449 1760 aeque,
466 1690 574 1762 inquit,
599 1709 633 1745 ac
654 1691 737 1745 modo
754 1701 909 1764 paupertas
928 1691 996 1748 milri
1013 1713 1083 1750 oaue
1100 1677 1163 1752 uisa

186 1792 228 1837 est
248 1789 277 1835 et
297 1779 425 1829 mirarum
442 1785 472 1838 et
488 1793 583 1847 grave·
619 1805 621 1811 ·
670 1787 686 1848 ’,

221 1899 604 1968 011.1111“1111.18,48,8.
628 1901 749 1977 Egtratii
776 1903 899 1960 absentie
922 1925 979 1960 rem
1003 1917 1035 1960 ut
1059 1916 1163 1971 tueare,
1206 1885 1208 1896 Ι

185 2013 289 2066 aeque
288 2011 306 2043 u
322 1999 349 2042 te
368 1998 452 2059 peto,
471 2009 505 2042 aa
520 1989 545 2042 si
562 2001 623 2042 mee
641 1991 773 2064 negotia
773 2001 872 2045 esseut.
888 1991 922 2042 ed
940 1995 1055 2044 Herenn.
1073 1992 1163 2057 2,18,

125 2087 127 2096 '
186 2074 500 2132 19.aoasuetudinetus
520 2074 629 2138 estid,
655 2075 730 2146 quod
751 2080 810 2130 riae
830 2075 891 2144 lege
908 2095 1010 2148 aeque,
1031 2096 1064 2129 ae
1082 2079 1106 2130 si
1124 2076 1161 2130 le·
1215 2109 1216 2116 1

184 2166 312 2236 gitimum
339 2161 393 2224 eit,
412 2163 546 2215 usitatum
565 2169 616 2214 est.
646 2160 703 2211 Liv.
729 2160 780 2227 10,
805 2161 838 2224 7,
859 2159 886 2213 4.
912 2161 1023 2214 turuP.
1047 2161 1162 2215 Decium

187 2247 325 2304 consulam
346 2265 446 2319 purum
474 2248 607 2316 piumque
631 2242 692 2297 deis
718 2244 922 2299 immortalibus
945 2251 1052 2312 vitiem,
1077 2265 1163 2333 aeque

86 2327 94 2337 ’
160 2355 223 2390 'ue
241 2335 267 2386 si
290 2333 320 2388 T.
342 2329 479 2400 Manlius
499 2328 610 2398 collega
628 2331 685 2382 eius
702 2328 890 2385 devoraretur.
909 2327 963 2397 44,
979 2332 1029 2397 28,
1049 2331 1073 2386 5.
1092 2335 1161 2384 Cor-

184 2420 238 2474 nel.
256 2419 330 2471 Eum.
348 2396 382 2481 5,
399 2413 424 2466 6.
444 2431 498 2486 quo
513 2409 629 2488 factum
650 2425 708 2478 est,
725 2441 758 2456 -
779 2426 809 2468 ut
827 2416 1053 2490 iumentaaequa
1066 2416 1163 2484 uitidu

188 2525 222 2576 ex
240 2500 365 2558 castellis
388 2501 530 2565 educeret,
545 2527 581 2556 ,-
597 2519 630 2551 ac
646 2503 671 2554 si
691 2502 720 2552 ia
738 2499 939 2572 campestribus
962 2522 995 2555 ea
1020 2501 1090 2557 locis
1113 2501 1163 2554 ba·
1243 2494 1245 2500 ’
1309 2537 1314 2558 r

186 2589 299 2644 buiseet.
324 2586 451 2638 Columel.
468 2585 501 2638 de
519 2588 559 2638 Re
577 2604 600 2637 r.
617 2583 651 2650 9,
675 2585 708 2652 5,
732 2587 757 2640 2.
781 2605 867 2660 aeque
894 2589 966 2642 euim
986 2585 1163 2659 dedignatur,

144 2664 148 2671 ’
182 2679 207 2732 si
226 2677 316 2728 miuus
335 2691 404 2744 pure
422 2669 520 2726 babitu
535 2681 597 2735 est,
615 2693 649 2726 ac
666 2675 691 2728 si
714 2681 845 2726 tractetur
857 2667 1067 2742 freuilulenter.

221 2813 362 2871 111111·-
379 2793 439 2879 ρνι,
463 2805 616 2874 Exemplum
638 2807 716 2858 huius
742 2806 940 2876 compositionis
965 2821 1019 2856 non
1044 2812 1164 2855 notatum

186 2895 281 2948 habeo.
315 2891 416 2942 Tamen
434 2889 506 2958 qnod
528 2890 556 2940 in
577 2890 706 2942 adieetive
730 2893 815 2944 forme
841 2893 895 2944 fert
913 2910 991 2954 usus,
1015 2889 1163 2941 11116111-

186 2981 258 3033 bium
277 2983 388 3046 'quoque
415 2975 519 3026 attinet.
546 2977 640 3028 Horat.
665 2975 750 3030 Germ.
774 2975 808 3039 2,
836 2970 1058 3049 1888111111
1078 2971 1164 3048 tellus

188 3065 307 3136 pauperi
323 3057 476 3116 recluditur
497 3079 645 3136 regumque
669 3065 771 3133 pueris.
792 3063 828 3130 1,
846 3061 880 3128 4,
902 3059 944 3114 18.·
962 3061 1006 3112 ubi
1023 3059 1077 3112 rid.
1096 3059 1162 3110 Mit-

187 3146 325 3204 tchcrlich.
427 3149 429 3152 ’
962 3177 965 3185 ,

223 3288 311 3346 Atera
329 3261 457 3344 -11111
481 3279 566 3336 Plaut.
583 3281 640 3335 Mil.
656 3283 690 3348 2,
707 3281 740 3350 5,
759 3281 802 3336 55.
822 3285 870 3356 qui
891 3299 978 3354 aeque
986 3251 1084 3350 fulciat
1101 3294 1165 3330 cort·
1196 3304 1199 3318 ι

182 3367 306 3442 fidenter
324 3366 490 3440 quidquam,
510 3385 593 3440 quam
611 3387 682 3440 quae
700 3367 828 3422 mulieres
839 3362 964 3438 faciunt.
996 3365 1073 3434 Epid.
1091 3364 1117 3428 8,
1136 3360 1163 3424 8,
1203 3368 1206 3376 “

187 3455 211 3506 1·.
231 3451 341 3518 nullum
359 3471 418 3506 ecte
435 3455 536 3522 opinor
551 3470 607 3524 ,ego
624 3472 721 3524 agrum
747 3451 776 3505 iu
799 3471 867 3525 egro
887 3451 980 3505 Attico
1007 3467 1093 3524 aeque
1113 3444 1165 3518 fe·
1190 3511 1194 3518 ¹

186 3543 292 3600 ra'cem,
314 3555 395 3610 quem
413 3535 457 3591 bic
476 3547 518 3590 est
536 3539 630 3591 noster
646 3535 824 3608 Periphanes.
849 3537 902 3588 Liv,
923 3535 976 3614 28,
993 3533 1043 3598 26,
1061 3533 1102 3584 14.
1122 3529 1164 3588 ni·

187 3624 231 3680 bil
248 3642 336 3696 aeqree
356 3639 402 3675 eos
421 3625 525 3684 terruit,
549 3641 632 3694 quam
649 3631 760 3693 praeter
779 3641 856 3692 spem
876 3617 960 3674 robur
978 3629 1005 3672 et
1023 3617 1101 3670 color
1115 3621 1164 3672 im·

186 3707 331 3780 peratorie.
360 3709 465 3758 streton.
486 3704 636 3762 01111185.
661 3707 710 3760 scd
733 3704 804 3760 nibil
830 3723 915 3779 aeque
940 3723 1023 3776 quam
1048 3705 1164 3760 timidus

189 3815 221 3848 ac
238 3789 375 3866 diffidens
386 3788 462 3862 suit.
480 3791 507 3860 i„
521 3811 544 3844 e.
562 3793 738 3860 maximopere
754 3791 869 3844 timidus.
890 3791 1015 3843 Columel.
1033 3789 1065 3842 dc
1082 3791 1122 3842 Re
1139 3807 1166 3850 1,

187 3879 221 3943 8,
242 3880 291 3944 10,
312 3879 340 3933 2.
357 3875 448 3931 locum
472 3896 558 3948 aeque
578 3881 714 3931 munitum
737 3887 765 3930 et
779 3881 910 3948 ,apricum
936 3894 1018 3950 quern
1042 3874 1164 3928 columbi

189 3964 358 4024 desiderant.
377 3963 411 4026 8,
433 3963 481 4027 17,
501 3962 542 4016 18.
559 3958 594 4025 5,
611 3956 637 4025 5,
648 3957 682 4011 7.
700 3961 744 4012 ubi
762 3962 866 4015 codices
883 3961 928 4014 elii
946 3981 1002 4016 aon
1019 3973 1077 4014 tam
1096 3955 1164 4014 berre

128 4065 131 4075 ⁸
188 4051 317 4120 praebent
327 4067 379 4124 pro
395 4064 457 4104 noa·
470 4065 556 4122 aeque
572 4043 647 4100 bene.
665 4047 720 4098 Lir.
733 4034 768 4111 o,
787 4047 812 4110 6,
833 4047 874 4099 11.
894 4068 931 4102 an
945 4060 987 4103 eet
1002 4044 1162 4120 quidquam,

189 4135 265 4208 quod
286 4132 448 4195 Veientibus
468 4143 598 4206 optatum
614 4151 699 4208 aeque
722 4137 881 4206 contingere
894 4137 1005 4208 possit,
1032 4149 1119 4207 quaer
1131 4141 1163 4182 ut
1209 4175 1228 4192 ,,
