2726 4746
233 298 296 425 soa
390 359 392 368 ’
607 358 890 444 trovato.

237 499 433 594 intercedat,
460 533 560 601 supra
577 501 765 602 expositum
781 525 840 582 est.
882 515 988 601 Atque
1008 514 1044 602 id
1065 537 1139 581 non
1162 515 1293 582 infrin-

238 600 326 688 gitur
340 598 557 690 praecedente
574 601 759 690 negatione.

245 795 250 802 ,
327 787 331 803 ,
351 735 404 790 Cic.
424 735 458 788 ed
474 737 545 788 Fam.
564 737 589 802 1,
610 737 635 790 1.
652 754 705 810 ego
721 740 797 794 omni
814 730 913 809 officio
930 757 964 792 ac
980 739 1077 810 potiar
1093 737 1208 806 pietate
1227 754 1292 806 erga

246 889 250 900 ¹
307 831 339 879 te,
354 825 452 876 ceteris
468 819 619 892 satisfacio
637 820 781 882 omnibus:
798 821 866 876 milri
883 826 939 894 ipsi
957 839 1106 893 numquam
1124 817 1293 892 satisfacio.

225 978 229 988 Ι
304 907 340 958 ad
358 909 413 962 att.
429 906 462 971 8,
481 902 524 962 15.
543 903 653 978 siquid
669 908 699 959 ia
713 917 743 962 ,te
759 909 889 976 peccavi,
912 927 945 960 ac
960 909 1058 978 potius
1073 909 1214 976 quoniam
1232 926 1292 975 pec·

307 993 377 1046 cavi·
400 992 419 1044 i.
432 1011 456 1045 e.
475 991 533 1046 aad
547 989 689 1048 vielmelrr.
730 991 827 1062 Salpia.
849 991 884 1042 ad
904 992 959 1043 Cic.
976 992 1010 1057 4,
1029 991 1046 1042 5
1056 1029 1064 1055 ,
1083 991 1127 1044 12.
1147 993 1242 1044 etiam
1260 988 1291 1042 alr

307 1073 382 1140 hisce
399 1087 430 1136 ta
446 1073 528 1134 rebus
542 1067 663 1134 animam
678 1097 712 1135 ac
726 1079 923 1160 cogitationem
940 1087 1018 1130 taam
1034 1093 1135 1140 avoca,
1156 1087 1247 1146 atque
1264 1096 1293 1128 ea

247 1147 251 1162 ’
304 1163 403 1230 potius
421 1149 608 1242 reminiscere,
624 1182 694 1234 qaae
712 1159 799 1234 digua
822 1171 870 1214 tua
887 1178 1007 1232 persona
1029 1169 1103 1214 sent.
1138 1161 1174 1212 de
1195 1162 1251 1212 Off.
1269 1163 1292 1224 1,
1340 1195 1341 1198 =

250 1297 254 1305 ,
304 1238 354 1312 20',
373 1243 415 1302 68.
450 1247 505 1301 cic.
520 1248 552 1300 de
573 1252 646 1304 Orat.
662 1247 696 1310 2,
715 1243 768 1312 18',
787 1244 830 1302 74.
850 1237 1058 1316 (μιῖηιιηιιῑιιαηι
1077 1249 1243 1300 sententias
1260 1246 1293 1298 de
1340 1269 1342 1306 ς

305 1320 433 1383 manibus
452 1331 574 1386 iadicem
591 1336 622 1386 vi
642 1331 764 1402 quadam
785 1319 920 1386 orationis
940 1325 1123 1392 extorsiones,
1141 1349 1177 1381 aa
1193 1334 1292 1400 potius

304 1413 430 1486 placatis
455 1434 549 1470 aarum
574 1405 676 1470 aulacis
702 1426 829 1479 tautam,
859 1425 991 1486 quantam
1018 1416 1074 1482 ipsi
1095 1413 1290 1483 patiebantur,

227 1501 248 1584 ,Γ
308 1502 474 1570 accepimus.
501 1503 521 1553 i.
540 1521 563 1554 e.
589 1499 647 1553 aad
672 1517 704 1554 so
733 1499 875 1566 vielmelsr.
909 1503 1003 1552 Horat.
1029 1502 1082 1549 Sat.
1112 1498 1144 1563 l,
1171 1500 1203 1562 1,
1232 1500 1289 1550 109.

227 1593 240 1651 ζ
258 1593 270 1664 ’μ
306 1585 408 1638 Dubito
426 1598 523 1652 temen,
538 1597 736 1661 annonaecte
751 1587 880 1638 scribatur
896 1585 924 1636 in
943 1585 997 1636 Cic.
1018 1583 1050 1634 de
1067 1585 1133 1650 Leg.
1155 1585 1182 1649 1,
1200 1575 1228 1649 8,
1250 1585 1288 1636 18.

307 1687 365 1722 aaa
383 1681 425 1724 est
438 1676 497 1736 ita,
519 1671 643 1746 Quirites
669 1691 704 1725 ae
720 1675 816 1742 postas
834 1670 976 1742 ignoratio
996 1666 1126 1738 litigiosa
1143 1680 1188 1722 est
1206 1689 1287 1742 quam

307 1757 435 1814 seientia.
471 1750 548 1830 Certe
572 1767 610 1809 ao'
631 1759 728 1827 potius
753 1775 807 1809 non
831 1756 901 1808 idem
926 1754 999 1808 velet
1018 1753 1089 1822 quod
1114 1753 1167 1808 sed
1182 1761 1286 1825 potins.

307 1839 415 1894 Lucret.¹
438 1841 471 1908 8,
499 1840 665 1916 962··atqee
687 1843 774 1897 etiam
799 1842 911 1916 petias,
935 1841 962 1895 si
987 1857 1139 1912 numquam
1167 1841 1211 1893 sis
1233 1859 1285 1894 mo·

308 1928 420 1984 ritaras.
489 1941 491 1948 ’
537 1929 540 1934 “
1108 1945 1112 1952 ·

324 2051 376 2113 10·
409 2049 458 2116 Ac
476 2065 625 2129 QVIDEM.
656 2049 707 2116 De
721 2047 773 2114 his
787 2045 895 2115 verbis
917 2043 1088 2110 Schiitaius
1113 2047 1280 2135 praecipit,

241 2151 279 2193 ee
301 2136 463 2222 componi
484 2137 547 2220 ita,
582 2147 620 2200 ut
643 2137 744 2200 altera
762 2157 831 2215 res,
854 2154 937 2220 quae
960 2131 1166 2218 adiungitur,
1190 2134 1282 2198 simul

241 2221 458 2305 concedatur,
477 2223 650 2310 redditque
662 2222 752 2288 hunc
768 2242 901 2301 sensum
916 2219 1092 2284 vernaculo
1110 2217 1281 2306 nndjrei-
1341 2231 1342 2286 t

239 2299 318 2368 licis.
363 2305 428 2370 Sed
452 2308 661 2397 exemplum,
692 2330 758 2458 appo
775 2307 896 2385 utitur,
924 2325 993 2368 non
1009 2303 1085 2367 satis
1101 2313 1221 2390 aptum
1234 2306 1281 2369 vi·
1341 2323 1342 2347 ¹

239 2385 336 2453 detur
351 2389 428 2456 huic
445 2393 665 2491 explicationi.
739 2415 792 2457 am
815 2391 850 2455 in
873 2389 980 2456 verbis
998 2389 1065 2453 Cic.
1082 2387 1123 2452 de
1140 2390 1237 2454 Orat.
1254 2397 1279 2470 t,

238 2471 276 2550 4,
301 2473 352 2538 14.
377 2497 419 2540 ac
436 2500 551 2564 premo
570 2478 706 2567 quictem
726 2479 829 2542 totius
853 2474 991 2564 generis
1015 2473 1158 2561 ignari,
1190 2477 1280 2540 sicuti

237 2557 273 2626 in
289 2557 358 2625 aliis
376 2563 532 2650 exemplis
548 2563 665 2628 transit
680 2565 786 2627 oratio
812 2561 852 2624 ad
871 2581 943 2624 rem
961 2559 1183 2646 persingulas
1208 2583 1280 2649 par·
1340 2617 1341 2634 2

238 2651 288 2706 tes
313 2649 499 2712 accuratius·
520 2645 751 2714 definiendam.
799 2647 906 2731 Atque
929 2644 1101 2725 haeeest,
1123 2656 1162 2709 ut
1186 2669 1281 2734 snpra
1340 2645 1341 2713 i

239 2726 326 2810 dixi,
346 2735 486 2822 propria
502 2733 680 2822 particulae
696 2734 742 2818 ¹vis
756 2734 792 2799 in
809 2730 1039 2798 constituenda
1058 2734 1279 2818 expositione,

239 2834 340 2898 quam
354 2818 470 2886 reddas
484 2821 633 2910 perita,
652 2818 725 2884 ont
740 2841 789 2884 so.

144 2954 147 2961 “
246 3003 248 3008 .
321 2956 397 3034 4(Ξὶο.
421 2957 454 3014 de
478 2942 553 3012 Oret.
577 2956 614 3024 8,
636 2954 687 3022 48,
712 2953 772 3008 186.
806 2953 899 3028 Quare
923 2963 973 3006 ant
993 2954 1076 3024 paria
1101 2971 1162 3008 esse
1186 2953 1283 3008 debent

270 3055 277 3112 j
306 3043 463 3112 posteriora
482 3032 681 3113 superioribus,
699 3049 822 3094 extrema
838 3040 951 3109 primis,
975 3035 1118 3108 autquasi
1142 3041 1230 3090 etiam
1246 3049 1283 3092 est

246 3197 250 3202 Ι
305 3126 450 3182 melioret
467 3112 623 3189 iucundius,
643 3125 780 3198 longiora.
799 3123 893 3193 Atque
907 3118 973 3175 lsaec
990 3122 1101 3195 qaid-em
1118 3122 1156 3174 ab
1174 3125 1210 3176 iis
1226 3124 1282 3194 pli·

306 3208 447 3280 tosoptts,
474 3230 544 3284 qnos
570 3222 599 3264 ta
625 3211 743 3262 maxime
768 3205 881 3279 diligis,
915 3205 1032 3269 Catule,
1049 3207 1130 3260 >dicta
1150 3217 1225 3262 sieut.
1257 3207 1281 3271 3,

304 3293 356 3357 29,
386 3294 445 3346 117.
471 3295 505 3361 8,
531 3295 581 3360 10,
606 3293 648 3348 88.
674 3293 707 3345 de
730 3295 831 3344 invent.
855 3290 940 3355 1,1,
961 3292 986 3343 1.
1014 3291 1105 3362 Saepe
1121 3303 1150 3346 et
1168 3294 1283 3346 multam

303 3374 357 3430 λοι·
376 3395 485 3432 meeum
497 3383 637 3450 cogitavi,
654 3370 754 3432 boniac
770 3395 807 3430 aa
833 3375 902 3428 mali
924 3375 991 3447 plus
1018 3375 1148 3431 attulerit
1170 3377 1282 3432 homini·

305 3457 356 3512 bus
373 3471 401 3515 et
420 3464 579 3518 civitatibus
598 3465 679 3535 eopia
698 3460 809 3518 dicendi
828 3479 861 3514 ac
878 3469 1012 3514 stnrmam
1036 3460 1214 3533 eloquentiae
1231 3475 1282 3518 stu·

303 3544 391 3600 elium.
411 3547 446 3588 -ὲ
471 3550 514 3601 Aa
536 3568 579 3601 me
604 3545 715 3620 quidem
739 3549 907 3614 cogitantem
924 3549 999 3600 ratio
1017 3546 1080 3618 ipsa
1098 3549 1128 3601 in
1146 3545 1219 3601 tanc
1236 3566 1282 3620 po·
1337 3553 1338 3630 i

304 3632 445 3689 tissimum
461 3635 627 3688 seutentiam
644 3629 729 3684 decit.
764 3629 854 3684 Celsus
874 3631 908 3700 7,
929 3627 971 3684 14.

255 3755 257 3769 “
317 3745 357 3811 In
380 3751 448 3816 aliis
470 3751 623 3838 sequitur
640 3747 833 3838 appositiva
858 3751 1017 3838 particula
1035 3741 1124 3827 secl,
1157 3765 1280 3821 asttem.

82 3901 91 3915 Ι
236 3826 326 3895 Tum
357 3844 427 3900 nou
457 3839 635 3902 cohaerent
657 3859 699 3900 ac
721 3834 867 3923 quidem.
921 3835 1007 3903 Cels.
1033 3841 1217 3919 8,11.αο
1242 3839 1280 3902 de
1336 3835 1337 3878 t

89 3921 108 3996 ,’
233 3916 358 4000 tractis
375 3920 510 4006 quidem
533 3920 661 3986 ossibus
679 3923 841 3988 trasenna
861 3920 990 3986 dictum
1006 3922 1062 3986 sit.
1107 3922 1280 3988 Mereatur

237 4013 352 4099 aretem
367 4028 409 4070 ea
427 4016 489 4070 etc.
522 4007 595 4072 vide
614 4030 653 4096 p,
663 4005 740 4072 494:
781 4005 1055 4094 Inaliisqrii'rlem
1070 4000 1278 4074 affirmationi

235 4091 387 4172 snservit,
411 4091 452 4156 ad
473 4113 593 4180 quam,
613 4104 782 4180 tamquam
806 4091 940 4158 adrem
964 4093 1000 4157 in
1027 4113 1141 4160 rerum
1165 4115 1277 4160 conse-

237 4173 400 4266 quatione¹
420 4175 636 4270 deprensam,
662 4202 704 4244 aa
721 4175 882 4270 perducit.

946 4313 952 4342 l
