2760 4748
177 473 265 542 maer.
278 473 312 542 ⁵..
330 473 383 544 12,
400 475 445 532 n.
471 474 522 545 11.
538 473 573 542 e,
590 447 639 528 se.
664 471 719 540 te,
732 471 766 540 1,
785 471 828 527 et.
862 473 967 544 10‚.·s.
980 475 1023 538 u,
1042 477 1087 532 uu
1102 479 1155 534 vu.

177 561 332 616 Frotscher.
404 591 421 598 -=
737 573 740 580 ¹
866 599 869 608 .
1118 591 1125 604 .

219 665 275 716 cic.
292 664 326 715 de
345 655 433 716 Divis.
456 663 489 728 2,
509 660 562 728 ⁵9,
586 659 646 715 128.
674 682 711 716 an
738 660 945 732 Aesculapius.
967 681 1005 717 un
1031 653 1174 736 Sempir,'

177 759 274 822 potest
288 769 289 776 ¹
302 746 383 802 nobis
406 745 657 825 praescriberem·
671 751 808 802 somnium
826 749 1000 825 curationem.
1019 749 1156 806 valitudi·
1230 779 1232 785 .
1258 772 1260 780 ·

178 836 242 887 nis.-
262 831 412 903 Neptunus
427 829 644 902 gubernantibus
667 850 724 884 non
739 833 855 903 potest?
883 836 951 888 etsi
970 837 1032 887 sine·
1049 835 1155 888 medico
1266 833 1268 837 ’

129 943 131 952 =
178 917 345 972 medicinam
364 915 444 971 dabit
464 901 617 970 Mineruiae
644 915 753 969 Musae
770 913 923 988 scribendi,
940 916 1067 988 legendi,
1087 930 1156 974 cete·

179 1021 273 1056 rarum
290 1000 392 1056 artium
412 1005 554 1056 scientiam
573 998 777 1054 somniantibus
793 1019 850 1054 non
870 999 996 1054 dabunt?
1012 1005 1155 1056 Wnlkerus

123 1149 127 1161 Ι
178 1096 207 1138 et
227 1105 285 1138 oum
304 1083 409 1138 Davisio
428 1087 564 1138 Ernestius
582 1086 734 1138 abiecerunt
749 1086 790 1148 si,
821 1086 1044 1153 Hottiogcrusde
1060 1105 1155 1142 neces·

180 1165 258 1223 sitate
277 1144 448 1242 corrictiouis
467 1171 577 1236 dubitet,
595 1189 649 1222 non
666 1170 829 1240 Madvigius:
848 1181 920 1224 recto
939 1171 1051 1242 quidem·
1069 1174 1158 1226 uuam

178 1246 380 1308 Drakenborch.
404 1257 432 1307 iu
450 1257 506 1309 Liv·
527 1257 562 1322 5,
579 1253 631 1320 52,
648 1253 674 1306 8.
691 1255 788 1308 addere
804 1255 878 1308 iubet
895 1259 928 1324 a}

195 1355 235 1422 In
257 1357 308 1422 his
327 1357 482 1422 omuibus
507 1358 655 1444 sequitur
675 1357 806 1444 negotio
830 1379 918 1420 none
949 1377 1050 1444 quere
1068 1357 1158 1422 Goe-
1212 1359 1214 1376 '

110 1441 243 1506 renzius
261 1443 301 1508 ad
315 1444 383 1509 Cic.
401 1443 443 1508 de
458 1443 528 1509 Fin.
549 1451 583 1523 1,
605 1449 645 1523 2,
665 1445 696 1508 5.
717 1453 751 1508 et
771 1447 803 1521 2,
823 1448 876 1523 27,
899 1445 951 1506 88.
975 1444 1175 1519 contendito
1219 1475 1221 1480 v

109 1529 295 1594 necessario
329 1527 506 1592 cohaerere
536 1527 636 1592 verbo
660 1551 708 1590 nn
739 1551 826 1609 non,
861 1528 897 1591 'et
921 1527 953 1590 ei
977 1528 1027 1592 vel
1056 1551 1158 1614 quum

113 1613 276 1678 omissum
310 1635 394 1678 esses
429 1635 508 1678 num
544 1612 621 1677 nlius
655 1615 802 1676 construi
838 1612 937 1676 verbe
969 1635 1035 1695 an,
1067 1614 1100 1676 si
1115 1646 1158 1669 -ι
1221 1675 1223 1684 ,

112 1696 211 1763 non?
238 1723 305 1776 on,
329 1719 486 1786 quum-
503 1695 597 1764 aon?
625 1699 712 1762 Haec
745 1697 899 1794 exemplu
919 1697 1036 1761 vellem
1063 1698 1158 1763 oddi-
1221 1746 1223 1756 ,

78 1813 84 1818 ·
114 1781 234 1849 dissete
269 1805 352 1870 quoe
371 1783 530 1870 ‘equidem
551 1784 649 1864 novi,
685 1784 796 1870 ipsum
819 1778 994 1846 discrimen
1017 1783 1159 1848 demon·-

113 1879 238 1934 strant:
266 1891 345 1934 num
367 1890 450 1956 quse
473 1869 508 1940 in
535 1867 587 1932 his
613 1867 762 1932 cunssslis
795 1878 828 1932 et
855 1868 1087 1934 conditionalis
1110 1879 1160 1934 est
1230 1915 1234 1926 .

115 1955 317 2036 enuntiatiO,
345 1955 356 2018 i
381 1957 408 2018 si
432 1954 698 2042 interrogationi.
723 1954 924 2041 implicatur.
982 1953 1033 2016 Itu
1060 1955 1160 2020 etium

115 2038 299 2126 Madvigius
315 1977 435 2106 iudicet
449 2063 483 2128 p.
501 2045 554 2104 43.
597 2039 684 2103 Illud
702 2061 781 2104 vero
809 2039 849 2120 dc
871 2037 1049 2105 verborum
1074 2061 1159 2104 con·-

114 2127 298 2190 struct'iono
315 2125 449 2212 probari
464 2133 533 2188 nou
549 2135 672 2212 potest.
716 2125 802 2188 Nam
819 2147 890 2189 uon
913 2125 1035 2208 ubique
1059 2146 1160 2212 nega·

115 2213 184 2276 tivo
201 2209 240 2274 fit
265 2209 454 2298 oppositio,
476 2211 534 2274 sed
552 2231 778 2296 quoecumque
802 2211 863 2274 olio
887 2209 1092 2285 admittitur,
1120 2209 1161 2274 iu

116 2317 203 2384 quo,
225 2296 326 2360 altero
344 2318 380 2373 re
397 2294 523 2382 positu,
549 2316 654 2382 nequo
672 2295 776 2358 modo
798 2305 830 2358 et
852 2294 959 2358 multo
983 2295 1087 2382 magis
1110 2296 1161 2364 ol-
1244 2363 1248 2374 ,

115 2395 224 2448 teram
241 2381 379 2452 concedi
398 2379 518 2444 debere
532 2403 594 2470 per
608 2401 818 2468 suppressam
835 2379 1083 2446 conclusionem
1100 2403 1163 2472 apo¹

114 2478 242 2558 potest.
415 2523 420 2532 .
541 2497 543 2502 ’

223 2589 278 2640 Gic.
294 2586 351 2638 Cat.
370 2583 478 2653 1,1,3.
497 2601 617 2642 anoero
640 2587 684 2638 vir
701 2585 892 2655 anrplissimus
911 2583 943 2641 P.
967 2585 1073 2656 Scipio,
1093 2603 1164 2658 pon·

91 2707 94 2716 ·
161 2657 272 2744 &iseo
283 2671 436 2736 nausimus,
461 2664 522 2744 Tib.
535 2669 690 2724 Gracchum
697 2671 870 2726 mediocriter
878 2666 1099 2740 labefactantem
1107 2683 1165 2724 sta·

155 2783 160 2788 ·
190 2768 250 2812 tam
271 2755 443 2828 reipublicae
468 2751 634 2824 interfecitr
668 2755 821 2809 Catilinam
849 2754 942 2808 orbem
964 2765 1053 2808 terme
1081 2757 1165 2811 caede
1222 2775 1225 2786 ·

189 2853 274 2914 atquc
291 2839 426 2894 incendiis
439 2849 555 2920 uastare
575 2841 729 2908 cupientem
746 2855 796 2891 nos
821 2837 950 2893 consulas.
970 2836 1165 2910 perferemus?

190 2947 257 3000 quae
275 2929 342 2980 bene
360 2925 488 2994 explicuit
505 2924 647 2976 Matthiae:
672 2940 750 2990 quum
772 2925 799 2974 P.
817 2919 904 2992 Scipio
930 2925 990 2976 Tib.
1013 2927 1166 2980 ¹Gracchum

189 3015 306 3085 privatus
321 3011 450 3064 interfere
466 3011 505 3073 it,
523 3009 605 3064 multo
622 3008 705 3075 magis
718 3005 854 3060 Catilinam
873 3009 992 3060 consules
1017 3010 1167 3064 interficere

190 3099 340 3170 oportebat.
373 3096 430 3148 Liv.
472 3092 550 3160 ,52,
568 3093 594 3145 8.
609 3112 647 3146 an
664 3111 698 3146 ex
715 3092 838 3159 bostium
856 3091 969 3148 urbibus
988 3093 1109 3150 Romam
1127 3095 1167 3149 acl
1237 3145 1239 3148 .
1349 3090 1351 3095 ’

189 3203 242 3240 nos
260 3177 409 3252 transferri
436 3198 515 3232 sacra
537 3178 698 3250 religiosum
719 3173 804 3248 fuit.-
827 3177 890 3232 binc
915 3182 975 3233 sine
998 3179 1111 3248 piaculo
1138 3182 1168 3233 in
1268 3235 1271 3248 ‚

190 3267 313 3324 bostium
338 3263 431 3320 urbem
462 3264 547 3318 Veios
574 3260 795 3334 transferemus?
813 3281 879 3333 quse
895 3265 1044 3318 Gronovius
1072 3283 1166 3320 corre·-
1189 3315 1190 3324 ,

175 3346 420 3407 'ctioneturbevits
441 3365 501 3400 num
517 3347 769 3416 neDrukouborchii
785 3350 890 3418 quidem
908 3351 1059 3406 coniectura
1077 3371 1123 3416 an,
1141 3337 1169 3409 si

191 3457 227 3494 ex
238 3436 365 3492 «bostium
381 3445 431 3488 eto.
448 3448 513 3503 opus
530 3443 580 3488 ert.

200 3540 338 3607 ¹Clarior
351 3535 389 3600 fit
403 3539 579 3617 sententio,
605 3545 643 3600 ut
661 3531 740 3600 vidit
761 3531 968 3624 Spaldingius
994 3536 1034 3602 ed
1058 3538 1170 3618 Quin-'-
1331 3537 1350 3592 .'

121 3626 191 3694 evil.
215 3632 255 3707 2,
276 3627 315 3706 5,
342 3627 412 3703 16„
438 3645 540 3709 quum
564 3623 598 3686 in
626 3621 765 3686 seeundo
787 3631 900 3710 porte,
931 3645 1014 3710 queo
1037 3625 1170 3710 epodo-

120 3712 329 3778 seoslocum
345 3707 488 3790 obtinet,
510 3708 640 3772 additur
655 3719 787 3789 autem,
811 3731 905 3785 uere,¹
928 3708 979 3774 vel
1002 3707 1065 3772 ulia
1087 3733 1170 3797 por-

120 3798 225 3862 ticulo
249 3819 294 3885 op
322 3793 482 3859 ositionis.
527 3793 601 3856 Vid.
622 3793 709 3855 'Gic..
726 3793 764 3857 do
786 3791 855 3880 Fin.
884 3801 920 3867 1,
952 3799 992 3871 2,
1021 3795 1053 3867 ἁ.
1083 3818 1169 3882 queue

122 3894 253 3950 autem.
294 3819 334 3946 in
343 3878 438 3943 Cutil.
466 3884 503 3954 1,
521 3883 565 3952 .1,
596 3883 627 3942 3.
650 3875 848 3942 aliicodtces
867 3877 1059 3942 Catilinam
1080 3901 1168 3944 vero.

119 3968 175 4046 {Eo
193 3978 314 4032 tamen
328 3987 425 4051 saepe
441 3963 615 4028 omittitur.
658 3962 808 4028 Davisius
830 3964 866 4027 in
891 3965 958 4029 Cic.
982 3963 1168 4029 deNutsd.
1198 4027 1200 4035 .
1256 3967 1257 3974 ’

112 4059 167 4134 ·2‚
198 4058 237 4134 6,
262 4057 313 4129 17.
335 4049 471 4114 inseruit
491 4071 593 4135 erge,
609 4047 699 4134 quod
715 4047 878 4116 obsonum
903 4072 991 4135 esse,
1022 4049 1089 4114 ium
1112 4049 1185 4114 in··

125 4137 255 4226 diovis
269 4133 499 4229 Heindorfius,
521 4155 621 4222 quem
637 4133 719 4202 vide.
1168 4165 1170 4174 ι
