2662 4744
220 329 286 399 111
524 327 526 334 ·
688 301 875 391 svnt*

221 507 291 552 non
311 497 354 535 -·'
375 489 454 557 out,
478 495 540 546 nec
560 513 602 532 -
616 487 678 546 aut
692 473 866 544 coniunxit
875 503 893 558 ·,·
911 438 1001 564 cuod
1023 484 1156 563 poetne
1173 475 1290 542 inter-

222 572 304 636 dum
317 565 530 654 usurpabant.
570 561 694 632 Errant
708 574 836 643 tomen,
860 563 917 648 qni
932 581 1009 626 cum
1024 561 1289 650 Oudendorpio

222 656 264 723 nd
279 655 401 720 Lucan.
419 657 455 733 1,
472 651 548 715 504.
570 659 602 713 et
622 650 661 731 6,
685 649 759 716 517.
782 669 851 713 non
873 645 1036 711 omissum
1050 668 1132 712 esse
1147 658 1289 736 putent.

223 777 226 784 '
324 769 493 842 Oudendorp.
519 768 554 822 ed
576 765 648 822 Caes.
665 767 694 820 B.
718 767 752 819 G.
772 766 805 833 8,
825 764 874 832 14,
893 761 920 820 8.
938 775 966 819 et
982 763 1153 835 interpretes
1174 767 1214 820 ad
1229 769 1288 820 Te·

289 857 335 914 cit.
354 854 443 909 Germ.
460 847 487 906 7.
512 853 541 906 in
564 851 718 921 colligendis
742 852 868 922 exemplis
889 849 1085 922 acquieverunt.
1131 851 1288 904 Doelekins

224 927 247 954 '¹
278 961 320 1016 tp.
338 927 443 995 tstjet
458 937 506 1013 elil
532 955 566 992 ne
583 939 612 990 ld
628 937 733 1009 quidem
751 937 940 1002 observarunt,
973 935 1154 1006 negationem
1183 937 1287 991 cohae-

290 1017 430 1084 rere'cnm
445 1024 537 1077 verbo.

227 1127 229 1135 ’
287 1119 290 1126 “
321 1130 379 1184 Liv.
395 1125 428 1192 8,
445 1125 497 1194 42,
515 1124 541 1178 1.
560 1135 662 1180 natura
681 1124 737 1181 laci
750 1143 786 1180 ao
803 1119 898 1188 ealle,
920 1140 978 1179 111111
995 1123 1105 1178 uirtute
1119 1134 1180 1178 aue
1197 1129 1289 1182 armis

289 1207 462 1271 tutabantur.
478 1213 498 1262 1.
517 1229 541 1267 e.
558 1223 613 1264 non
629 1208 781 1264 tutabantur
802 1211 917 1277 eistete,
936 1215 997 1274 ent,
1014 1208 1038 1260 ei
1053 1207 1111 1260 hoc
1129 1205 1220 1262 etiam
1235 1229 1286 1264 re-

187 1355 193 1372 ,
287 1299 415 1370 spicitur,
439 1295 527 1350 ermis.
561 1297 665 1368 Gesner.
684 1299 714 1347 Β.
740 1296 773 1346 G.
799 1294 832 1360 1,
850 1293 1008 1366 81119111
1026 1309 1070 1346 res
1092 1307 1157 1346 non
1176 1295 1220 1350 ad
1233 1317 1285 1350 na·

228 1381 232 1389 ¹
288 1393 348 1440 tum
371 1389 421 1436 atet
445 1379 484 1434 ad
508 1379 685 1436 voluntatem
704 1382 763 1434 elas
783 1371 872 1450 facta
897 1379 942 1432 sit.
976 1379 1043 1432 stet.
1068 1375 1162 1432 Theb.
1186 1379 1219 1446 1,
1237 1379 1285 1444 74,
1330 1394 1331 1425 3

288 1465 386 1524 orbum
405 1465 469 1519 nisu
493 1467 638 1538 regnisque
664 1473 807 1537 parentem
831 1469 886 1517 non
911 1479 1004 1533 regere
1026 1471 1080 1514 ast
1098 1462 1190 1520 eteris
1208 1481 1283 1519 nwe-

287 1564 391 1610 rentent
410 1548 532 1622 flectere
554 1549 657 1605 adorti.
691 1549 753 1604 silv.
779 1547 863 1614 1‚-4‚
880 1547 923 1602 21.
941 1546 974 1614 1,
994 1541 1028 1612 5,
1046 1544 1093 1599 84.
1125 1547 1281 1619 Luceni,

285 1638 347 1692 506.
380 1637 449 1690 Plio.
465 1635 534 1686 Hist.
551 1647 578 1686 o.
592 1632 687 1702 2224,
696 1632 739 1687 51.
756 1633 818 1689 ileo
831 1651 894 1687 -non
910 1631 1008 1688 eadem
1024 1631 1160 1696 omnibus
1177 1653 1280 1688 amm

200 1718 207 1746 ²
225 1729 232 1744 ⁴
288 1737 339 1780 aut
359 1721 452 1778 dulcia
468 1737 535 1775 esse.
555 1733 643 1772 emera
658 1729 687 1772 st
704 1715 791 1772 dulcit
800 1757 809 1786 ,
826 1720 883 1788 ipse
896 1717 1037 1782 distincta,
1055 1719 1139 1771 unine
1155 1720 1277 1773 notionis

287 1804 386 1864 embitn
405 1807 588 1871 continentur,
607 1813 634 1857 et
647 1804 784 1872 negationi
796 1804 989 1856 submittuntur.
1022 1795 1131 1854 S'nllnst.
1152 1807 1214 1862 Cat.
1231 1804 1273 1866 13.

236 1885 238 1900 '
286 1893 314 1951 ⁵.
336 1910 392 1946 non
410 1887 523 1961 famem
546 1899 596 1942 aut
613 1891 705 1953 sitim,
732 1907 820 1964 neque
839 1885 939 1962 frigus
956 1905 1045 1961 neque
1069 1887 1273 1944 lassitudinem

257 1991 262 1996 '
288 1974 422 2050 opperiri.
451 1975 497 2027 nbi
522 1965 672 2032 elii'eodd.
689 1991 746 2028 non
762 1976 854 2039 sitim,
879 1973 950 2044 quod
967 1989 1022 2025 non
1042 1973 1151 2026 falsum.
1187 1974 1275 2028 Tacit.

225 2113 228 2120 .
289 2065 381 2118 Germ.
395 2061 440 2114 22.
457 2077 525 2132 gens
541 2077 598 2114 non
613 2070 709 2114 astuta
724 2080 774 2115 nee
790 2059 906 2116 callida·
923 2075 988 2112 unns
1002 2057 1063 2110 eod.
1079 2068 1133 2113 aut
1152 2058 1274 2114 callida.

321 2181 382 2234 Lir.
407 2177 443 2245 8,
468 2175 519 2243 16,
536 2173 563 2230 1.
586 2195 665 2234 nemo
683 2173 809 2232 tribunos
826 2189 876 2232 aut
895 2173 1021 2250 plebeios
1039 2173 1173 2235 timebat.
1208 2178 1274 2229 sio-

254 2287 257 2297 *
286 2266 372 2337 golorl
390 2265 507 2318 dictione
531 2264 616 2319 Plent.
634 2267 714 2316 Most.
731 2263 763 2331 1,
779 2261 870 2333 254³.
889 2261 996 2336 sibique
1012 2271 1065 2316 aut
1080 2263 1220 2318 materiae
1238 2281 1275 2318 ne

286 2363 413 2424 parcunt.
441 2349 460 2400 i.
480 2368 504 2402 e.
516 2351 577 2402 'non
594 2359 718 2435 pareunt.

325 2468 382 2522 cic.
399 2468 474 2520 Leel.
494 2468 545 2534 18,
560 2468 603 2523 65.
621 2489 707 2542 neque
717 2445 807 2535 Ι11110,
823 2469 870 2541 qui
879 2485 947 2520 'non
965 2464 1064 2522 iisdem
1081 2462 1166 2522 rebus
1177 2483 1273 2522 move·

256 2575 259 2580 ·
292 2561 339 2606 tur
355 2564 384 2606 et
401 2562 502 2605 natura
515 2557 666 2618 consentit,
680 2551 762 2624 fidus
778 2565 831 2606 aut
849 2551 960 2608 stabilis
978 2561 1073 2624 potest
1090 2570 1160 2606 esse·
1191 2552 1273 2604 Tusc.

284 2638 319 2704 1,
344 2636 395 2704 18,
420 2636 463 2692 80.
497 2637 576 2690 scat.
594 2637 627 2702 8,
649 2631 684 2701 7,
702 2635 746 2688 21.
765 2641 824 2693 sine
849 2621 949 2712 quibus
971 2658 1021 2694 nec
1042 2635 1169 2708 intelligi
1189 2637 1271 2704 quid·
1329 2627 1330 2654 ¹

287 2737 385 2797 quam,
402 2737 452 2778 rtet
468 2720 563 2795 quaeri
580 2732 631 2776 aut
649 2719 789 2792 disputari
804 2718 907 2792 pdtest.
935 2715 992 2776 Ltv.
1010 2721 1043 2787 1,
1061 2715 1111 2784 18,
1131 2721 1158 2773 5.
1179 2742 1270 2794 neque

285 2825 316 2862 se
336 2810 494 2883 quisquam,
520 2827 569 2862 nec
580 2797 726 2880 factionis
740 2825 807 2860 suae
825 2805 931 2872 alium,
956 2827 1005 2862 nec
1021 2805 1138 2879 denique
1151 2819 1270 2876 patrum

224 2905 233 2912 ·
285 2901 339 2947 aut
362 2889 472 2947 civium·
487 2907 645 2965 quemquem
669 2887 815 2964 praeferre
840 2891 886 2946 1111
911 2889 972 2945 viro
999 2894 1072 2945 asuri.
1104 2892 1220 2948 ·ansn.
1238 2893 1267 2958 8,
1328 2933 1329 2956 .

225 3003 228 3010 ·
286 2975 348 3034 180.
367 2995 416 3031 nec
439 2975 536 3032 Graiis
548 2975 665 3047 flectere
681 2980 783 3032 iactum
799 2987 851 3029 aut
868 2973 973 3046 facilis
993 2973 1075 3030 labor
1093 2986 1136 3029 est
1153 2975 1270 3049 longin-
1328 2969 1329 2986 ¹

289 3081 341 3134 que
359 3061 398 3115 ad
423 3062 480 3116 tela
497 3065 593 3134 parati
618 3065 747 3116 tormenti
766 3073 874 3116 mutare
895 3060 1016 3114 modum·
1049 3059 1135 3112 Tacit.
1153 3065 1208 3115 An.
1226 3063 1269 3128 13,

270 3146 329 3202 89.
349 3145 457 3202 hostem
475 3165 594 3219 vagum,
616 3165 703 3217 neque
718 3147 784 3216 paci
799 3158 848 3200 aut
869 3145 979 3219 proelio
999 3155 1139 3216 paratum.
1164 3146 1201 3215 8,
1223 3147 1269 3203 54.

284 3230 467 3300 (offensiones)
485 3224 625 3285 inanes'et
643 3231 751 3295 irritas,
770 3249 857 3300 neque
875 3231 944 3286 milti
961 3239 1012 3283 aut
1028 3227 1110 3282 uobis
1129 3235 1194 3286 111111
1206 3228 1269 3302 fu·-

197 3339 198 3346 .
228 3357 231 3364 ,
285 3324 371 3367 tures.
405 3314 425 3365 i.
446 3331 469 3366 e.
489 3329 572 3384 neque
589 3314 647 3366 usui
664 3315 765 3370 futuras
782 3317 863 3382 mihi,
882 3327 927 3368 ont
942 3315 1021 3367 etiam
1038 3315 1122 3368 vobis.
1152 3314 1207 3380 15,
1225 3316 1270 3370 18.

212 3413 229 3436 ’·
282 3415 370 3470 neque
386 3399 511 3454 eamdem
525 3404 584 3456 vim
604 3397 789 3465 Samnitibus,
818 3399 916 3456 italico
934 3399 1061 3471 populo,
1089 3409 1140 3452 eut
1158 3401 1270 3470 Hispa·

283 3485 328 3538 nis
347 3503 381 3538 ao
401 3483 527 3551 Partitis,
554 3488 664 3540 romani
688 3486 798 3556 imperii
816 3485 940 3558 aemulls.
976 3483 1106 3540 (1111117.
1125 3501 1176 3540 nec
1196 3485 1271 3543 illae
1326 3541 1327 3570 ¹

287 3585 430 3629 numerare
453 3579 503 3622 aut
529 3572 639 3641 exigere
662 3569 767 3640 plagas
792 3581 906 3640 pavent.
929 3570 975 3623 alii
995 3585 1044 3624 nec
1058 3570 1177 3642 exigere·
1215 3573 1271 3625 Sed
1326 3585 1327 3650 ᾗ

282 3655 400 3723 positum
417 3665 457 3708 ost
472 3671 521 3724 pro
540 3664 591 3708 aut
608 3655 709 3720 etiam,
726 3654 873 3708 alternante
888 3655 929 3708 rei
945 3654 1065 3708 notione.

318 3770 384 3823 Post
400 3793 434 3828 ne
451 3768 562 3846 quidem
578 3773 695 3844 seqnitur
713 3783 762 3828 aut
783 3771 873 3828 eedem
891 3773 995 3826 ratione
1012 3774 1120 3826 sueton.
1142 3769 1202 3824 Cel.
1222 3767 1270 3825 24.

282 3869 334 3908 nec
352 3873 481 3929 umquam
497 3869 598 3931 postea
616 3863 840 3934 quantiscumque
859 3847 990 3914 derebus
1006 3875 1041 3911 ne
1055 3874 1108 3928 pro
1127 3859 1269 3911 concione
1325 3855 1326 3900 l

285 3938 398 4012 quidem
420 3944 523 4022 populi
547 3955 599 3998 aut
622 3945 701 4018 apud
724 3941 827 4000 milites
849 3947 904 4000 nisi
920 3961 970 4013 per
991 3960 1092 3997 numen
1112 3940 1269 3998 Drusillae

284 4023 429 4083 deieravit·
462 4027 547 4082 Tacit.
563 4026 634 4090 nist.
650 4031 684 4094 2,
702 4029 746 4082 76.
777 4031 840 4082 Post
859 4048 894 4084 ne
917 4025 985 4082 bene
1008 4025 1126 4083 restitnit
1147 4028 1266 4080 Freins-

284 4104 384 4188 ltoatine
401 4111 430 4168 in
449 4113 521 4174 61111.
538 4107 573 4185 8,
592 4113 626 4185 1,
642 4109 686 4172 18.
712 4133 748 4187 ne
764 4112 851 4188 pedes
866 4123 1029 4180 venaretur.
1055 4123 1106 4170 aut
1128 4117 1191 4171 sine
1217 4113 1267 4170 els-
