2760 4748
127 297 133 361 ι
211 282 213 292 .

254 339 318 402 336
708 317 836 384 ANTE.

339 491 370 552 2.
401 481 487 546 llaec
504 475 616 542 eadem
631 483 680 536 est
696 493 825 551 caussa,
859 451 1061 568 quapropter
1087 479 1170 532 ante
1193 467 1233 532 de
1258 491 1296 532 re

259 577 328 642 aliis
342 563 557 658 praeferenda
575 571 607 624 et
623 561 663 624 de
677 558 872 646 praestantia
887 567 1079 643 usurpatur:
1104 553 1194 616 unde
1209 555 1295 616 dici-

257 676 311 730 tur
328 665 407 722 aute
425 650 570 735 aliquem
592 669 662 710 esse
686 651 719 706 et
742 643 869 706 similia.
920 642 1035 708 Cicero
1063 659 1227 723 nusquam
1250 641 1294 702 ita

255 749 410 830 loquutus
441 745 498 800 cst.
548 731 611 796 Alii
640 729 720 794 adeo
747 740 828 792 ante
852 749 915 816 pro
945 727 1061 813 magis
1092 746 1197 810 quam
1227 747 1294 812 po·
1334 744 1338 752 “

256 835 401 898 suerunt.

356 944 459 996 Sallust.
479 937 554 990 catil.
574 933 625 999 ⁵3,
642 933 667 987 S·
686 928 828 1002 facundia
847 929 987 994 Graecos,
1014 927 1107 1001 gloria
1128 925 1199 981 belli
1223 925 1293 982 Gal·

257 1055 290 1106 q
323 1033 366 1086 los
386 1039 451 1081 ante
469 1024 612 1078 Romanos
626 1016 730 1090 fuisse.
765 1018 809 1068 nbi
831 1011 1161 1076 sinemurensem,
1183 1009 1292 1075 14,11.

321 1131 379 1170 tum
398 1133 439 1166 me
456 1127 520 1163 uero
539 1119 566 1160 et
583 1117 649 1159 ante
664 1102 862 1168 Alexandrum,
883 1111 910 1156 et
927 1109 992 1152 ante
1011 1096 1166 1170 Pyrrhum,
1184 1108 1214 1150 et
1230 1111 1292 1150 ante

321 1216 415 1256 omnes
433 1193 508 1247 alios
526 1194 704 1262 imperatores
723 1207 791 1242 esse.
825 1189 895 1238 curt.
914 1185 947 1249 7,
964 1183 999 1248 7,
1018 1184 1059 1235 10.
1077 1182 1134 1236 sed
1145 1184 1292 1236 necessitas
1356 1255 1357 1258 Ἴ

322 1299 388 1339 ante
403 1282 538 1332 rationem
558 1287 609 1328 est.
630 1276 675 1332 ubi
699 1273 752 1324 viu.
769 1275 880 1323 Luccen.
896 1269 930 1333 8,
946 1267 979 1332 7,
998 1267 1039 1320 13.
1058 1269 1083 1320 si
1100 1269 1162 1338 quis
1179 1267 1291 1320 deorum
1356 1261 1357 1326 l

320 1379 387 1424 ante
403 1367 500 1418 'ionem
519 1357 680 1420 haberetur)
693 1353 843 1428 fastidires
859 1357 944 1434 etiam
963 1354 1065 1406 lovem.
1099 1355 1166 1402 Stat.
1184 1352 1247 1406 silv.
1264 1353 1289 1412 2,
1356 1349 1357 1416 l

323 1453 356 1515 6,
377 1448 421 1504 85.
439 1447 518 1502 illius
538 1463 607 1497 unas
630 1454 698 1498 ante
718 1442 814 1506 decor,
840 1451 971 1510 quantum
987 1435 1128 1507 praecedit
1148 1435 1225 1504 clara
1243 1442 1290 1492 mi·

321 1554 401 1590 nores
425 1532 492 1585 lana
504 1524 598 1600 faces.
633 1527 747 1581 lovenal.
763 1524 801 1591 8,
816 1525 859 1578 22.
876 1523 926 1578 hos
948 1535 1014 1576 anu
1030 1519 1141 1594 effigies
1157 1524 1291 1576 maiorem

319 1641 394 1696 pone
411 1631 529 1672 tuorum.

355 1724 449 1776 Balbus
469 1721 497 1770 io
516 1717 569 1768 Cic.
587 1718 634 1784 Ep.
652 1716 686 1766 ad
701 1719 755 1765 att.
774 1711 807 1778 8,
826 1709 867 1764 15.
881 1729 959 1784 quem
977 1719 1042 1763 ante
1061 1728 1104 1763 me
1121 1709 1223 1782 diligo.
1244 1712 1288 1762 Ci-

258 1838 263 1847 ·
319 1824 440 1860 ceronem
461 1803 603 1870 respiciens
621 1799 790 1850 Schwartzius
814 1799 913 1848 tirones
937 1794 1054 1860 monuit,
1079 1813 1114 1846 ne
1129 1796 1200 1847 hunc
1218 1815 1289 1848 usum

321 1904 419 1944 temere
436 1888 614 1939 imitarentur:
644 1884 714 1951 quod
735 1881 963 1949 reprehensionem
990 1880 1136 1951 Fasciolati
1158 1891 1184 1932 et
1205 1884 1287 1933 Erue·
1356 1941 1357 1950 ἵ

323 1975 367 2026 etii
385 1990 438 2024 uon
458 1972 535 2039 capit.
569 1972 678 2036 Neque,
701 1986 776 2036 quem
792 1967 836 2017 hic
853 1963 957 2027 laudat,
978 1965 1084 2016 Plautus
1102 1965 1140 2016 ita
1158 1967 1212 2018 ullo
1230 1969 1287 2018 loco
1356 1955 1357 1992 T

321 2061 389 2112 dixit
405 2066 509 2128 praeter
535 2055 659 2107 formulas
684 2061 751 2105 ante
775 2049 864 2111 alios,
891 2059 956 2102 ante
983 2054 1085 2105 omnia.
1127 2053 1195 2121 Nam
1219 2053 1287 2120 qnod
1356 2093 1357 2130 q

211 2123 219 2137 ⁸
276 2157 279 2178 ¹
320 2146 397 2211 vulgo
422 2141 518 2208 legitur
543 2139 629 2190 Casia.
652 2137 724 2214 Brol.
748 2135 774 2192 8.
802 2136 918 2206 antiqua
942 2135 1032 2204 operti
1057 2145 1084 2188 et
1107 2134 1191 2188 verba
1209 2156 1288 2209 quom
1356 2153 1357 2156 ¹

320 2227 401 2282 votis
419 2223 549 2297 placent,
567 2241 682 2294 aequom
698 2221 809 2292 placere
826 2231 868 2273 est
886 2217 955 2272 antex
967 2230 1071 2272 veteres
1083 2214 1215 2288 fabulas.
1236 2239 1287 2272 nou

320 2331 372 2365 uno
391 2311 495 2362 nomine
515 2319 662 2378 ¹suspectum
687 2308 797 2366 videtur.
839 2308 1063 2372 Interpretantur:
1084 2305 1173 2374 prius,
1200 2308 1287 2373 magis,

269 2451 275 2460 ⁸
320 2396 416 2468 potius.
449 2395 592 2445 Absurdam
617 2412 673 2446 ease
693 2392 758 2444 dicit
783 2390 890 2442 liothius
910 2389 977 2440 hauc
1002 2391 1173 2442 sententiam:
1199 2393 1286 2460 quibus

260 2543 263 2550 Δ
320 2479 426 2544 antiqua
442 2478 522 2527 verba
535 2479 674 2544 placeant,
692 2477 774 2544 magis
791 2476 824 2525 iis
841 2485 959 2544 acceptas
983 2493 1039 2526 esse
1065 2475 1162 2528 dehere
1188 2487 1285 2528 veteres

319 2562 437 2623 fabulas,
462 2560 536 2628 quasi
553 2565 608 2610 nori
631 2563 680 2612 hae
698 2561 769 2627 ipsae
789 2560 955 2628 estantiquis
980 2561 1065 2612 verbis
1091 2571 1222 2612 constent.
1255 2565 1286 2610 At

319 2646 373 2698 dici
393 2649 510 2714 poterat:
532 2663 609 2712 quum
630 2643 717 2695 omnia
735 2652 824 2694 vetera
843 2661 923 2712 opera
941 2655 969 2696 et
987 2645 1065 2696 verba
1082 2647 1158 2698 vobis
1174 2646 1283 2714 placent,

321 2749 430 2800 aequum
447 2740 487 2782 est
505 2740 566 2782 ante
581 2729 632 2780 alia
651 2729 755 2797 placere
771 2737 872 2780 veteres
892 2728 1002 2793 fabulas,
1017 2747 1083 2800 quac
1093 2733 1169 2784 noris
1184 2749 1284 2783 comoe-

262 2801 265 2804 Ι
319 2817 370 2866 diis
394 2815 511 2884 pessimis
545 2823 679 2882 praestant
706 2813 796 2864 multo.
836 2813 910 2868 Ante
935 2813 1015 2880 igitur
1038 2826 1106 2866 esset
1131 2829 1199 2870 ante
1222 2815 1285 2869 alia.

317 2900 368 2950 Sed
385 2900 517 2950 Acidalius
535 2898 682 2951 emendavit
697 2909 805 2958 autem,
834 2897 906 2966 quod
924 2899 1018 2948 Parcus
1035 2909 1064 2950 et
1082 2903 1191 2954 Bothius
1211 2921 1283 2954 rece-

317 2993 422 3054 perunt.
458 2975 535 3037 Gonl'.
556 2984 676 3038 Veratius
699 2982 731 3034 de
748 2981 834 3033 Latin.
860 2983 927 3032 falso
953 2998 1022 3052 susp.
1051 3004 1079 3054 p.
1095 2983 1157 3040 224,
1194 2987 1284 3039 Graeci

320 3069 411 3120 dicunt
425 3065 490 3134 πρό.
506 3069 559 3120 vid.
576 3067 735 3120 Freinshem.
756 3067 784 3116 in
804 3065 859 3116 ind.
880 3067 950 3118 Cart.

263 3167 266 3174 ’
334 3177 367 3236 3.
400 3167 647 3234 Recentioribus
673 3166 887 3252 scriptoribus
913 3178 939 3232 et
964 3171 1071 3256 poetis
1094 3193 1282 3236 communes

251 3266 327 3319 aunt
342 3253 505 3320 formulae
529 3263 608 3316 ante
634 3249 738 3330 altos,
771 3263 850 3316 ante
874 3275 1004 3336 ornnes,
1036 3268 1117 3322 ante
1139 3271 1282 3331 euinctus,

252 3343 333 3402 ante
356 3349 497 3414 eeteros,
525 3338 560 3401 in
582 3336 698 3423 quibus
724 3336 837 3400 Cicero
858 3359 1039 3425 numquam
1062 3342 1174 3428 posuit
1197 3355 1282 3407 arcte.

252 3424 506 3509 Coniunguntur
522 3445 594 3488 cum
614 3421 795 3502 allectivis,
814 3445 876 3508 pro
892 3427 1007 3511 magia
1023 3421 1142 3513 quam',
1160 3438 1194 3492 et
1210 3451 1281 3494 curn

251 3508 473 3608 comparativo
492 3519 522 3574 et
538 3507 734 3595 superlativo
751 3511 785 3572 in
804 3509 998 3574 abundantia
1015 3511 1204 3590 verborum,
1230 3513 1282 3578 sed

211 3587 216 3602 ’
249 3617 365 3659 rarius.
409 3592 494 3659 Alibi
509 3592 880 3682 significatpraecipue,
900 3597 1117 3679 praesertim.

351 3714 433 3764 Pleut.
450 3711 570 3777 Trin.4,
591 3713 622 3775 1,
640 3709 766 3782 ἔκοψα
784 3730 850 3782 ego,
878 3710 1025 3785 Neptune,
1051 3714 1104 3771 tibi
1124 3727 1190 3770 ante
1210 3717 1281 3769 alios
1352 3777 1355 3788 .

315 3794 382 3850 deas
399 3804 506 3869 gratias
533 3815 587 3868 ago
609 3807 691 3868 atque
707 3794 794 3849 liabeo
814 3815 942 3850 summas.
977 3800 1052 3851 ovid.
1071 3803 1135 3853 Met.
1156 3802 1279 3865 10,1ao.

314 3879 364 3932 secl
383 3892 475 3936 tarnen
491 3893 557 3935 ante
573 3881 647 3933 alios
665 3907 697 3920 -
713 3891 809 3952 gratas
826 3892 901 3944 erat,
923 3883 1090 3953 cyparisse,
1111 3883 1172 3938 tibi.
1199 3888 1280 3941 Pleut.

281 4002 283 4011 ,
313 3963 384 4016 Asin.
401 3965 425 4026 5,
444 3966 470 4027 2,
491 3966 516 4018 8.
535 3965 604 4018 scito
623 3963 705 4018 illum
722 3978 788 4018 ante
806 3984 900 4019 omnes
916 3969 1021 4023 minimi
1034 3967 1182 4024 mortalem
1199 3975 1278 4041 preci.
1354 4015 1355 4018 ,

311 4051 369 4102 Lir.
387 4050 469 4115 1,,9,
487 4049 528 4102 12.
545 4069 643 4112 anam,
666 4049 748 4121 longe
763 4042 926 4106 ance'attes
951 4054 1042 4122 specie
1072 4073 1105 4107 aa
1130 4055 1277 4124 pulchritu-
1354 4079 1355 4084 ¹

311 4132 376 4190 dine
394 4139 531 4208 insignem
545 4162 579 4178 -
596 4143 708 4207 raptam
720 4130 839 4206 ferunt.-
854 4136 949 4204 virgil.
965 4141 1028 4190 Aeo.
1048 4137 1075 4205 3,
1091 4138 1152 4193 tat.
1170 4158 1188 4194 a
1199 4136 1277 4211 felia
