2726 4746
484 307 760 432 nuerunt
835 305 872 324 ”
968 317 1019 386 1
1081 345 1148 420 ns*
1207 302 1209 312 ’

83 520 100 588 ·Ι
168 501 222 574 sed¹
240 504 306 574 poni
330 504 432 580 popsit,
459 507 627 572 negationem
650 508 763 578 simplici
783 493 839 564 nnn
859 512 978 582 exprimi.
1012 479 1145 582 Equidem

162 588 253 657 paullo
277 589 355 642 aliter
378 609 436 644 rem
463 607 653 661 conceperam..
679 594 751 648 Non'
773 597 882 666 ponitur
899 599 984 664 enirn,
1010 617 1066 652 uon
1083 619 1143 664 nec,

161 685 273 744 propter
296 678 490 746 oppositionem
518 679 657 732 notionum
684 692 793 734 rectam.
827 685 1008 753 interponitur
1035 695 1064 739 et
1088 675 1146 738 non
1232 693 1235 702 ¹

163 759 198 814 ad
221 761 405 829 coniungenda
429 763 561 829 membra,
585 783 694 834 quorum
718 759 831 820 ettemrl
861 785 925 820 oum·
949 770 1034 822 altero
1060 769 1146 822 datus.
1246 778 1249 782 ’
1274 779 1276 784 ’

165 844 217 895 Sed
237 864 271 898 aa
289 864 346 899 non
365 847 478 911 dicitur,
505 849 549 900 ubi
571 852 747 928 aequatioter
768 853 855 922 aliqua
872 853 1041 908 conclusione
1057 854 1145 907 inter-

106 939 110 944 '
165 930 252 994 cedit,
277 943 305 984 et
330 933 370 984 vis
387 934 501 1002 potioris
525 935 643 988 notionis
667 937 841 1005 significatus-¹.
877 940 956 1002 Quod
975 957 1037 992 sero
1054 940 1083 994 in
1103 941 1146 992 al-

162 1026 221 1068 tero
246 1019 362 1070 membro
388 1030 500 1086 negante
517 1021 664 1074 'Matthiae'
680 1023 709 1074 id
736 1024 938 1088 animadvertis,
964 1019 1037 1095 quud
1057 1045 1147 1079 verum

165 1103 217 1167 sit,
241 1103 356 1172 positum
376 1115 417 1156 est
432 1107 461 1158 iu
480 1107 691 1160 conformatione
709 1111 900 1162 sententiarum
920 1112 1153 1174 conditionalium.-

144 1193 219 1240 'non
237 1189 265 1240 in
284 1188 474 1256 significatione
492 1187 656 1266 particulae(
681 1197 738 1247 Nec
764 1197 933 1250 coinfirmatur
948 1197 998 1249 illa
1018 1199 1146 1252 observa-

164 1274 204 1325 tio
221 1288 276 1326 usu.
309 1277 377 1328 Nam
394 1276 423 1328 in
446 1277 500 1328 Ciu.
521 1277 554 1330 de
570 1281 644 1332 Orat.
661 1279 697 1345 2,
709 1281 765 1344 .56‚
782 1280 847 1338 227.
869 1281 947 1337 illud
965 1282 1076 1353 quidem
1093 1283 1145 1336 ad·
1235 1326 1237 1343 r

165 1363 267 1426 miror,
285 1365 313 1414 te
328 1359 409 1418 nobis
428 1365 458 1418 in
474 1369 509 1420 ου’
524 1379 624 1437 genere
641 1363 774 1421 tribuisse
790 1367 917 1434 tantm,
945 1378 973 1422 et
990 1385 1047 1446 nqis
1065 1366 1148 1422 huius
1196 1370 1198 1376 '

105 1506 109 1522 Ι
164 1448 206 1500 rei
229 1463 337 1518 qnoque
359 1446 503 1518 palmam,
529 1460 561 1504 ut
589 1445 738 1517 ceterarum
764 1452 864 1506 Crasso
889 1451 1032 1506 detulisse.
1059 1463 1087 1506 at
1112 1453 1146 1506 te
1230 1442 1232 1446 ’

163 1531 227 1602 Lag.
245 1531 278 1595 1,
297 1531 348 1596 20,
365 1528 408 1584 ⁵4.
426 1552 595 1604 perparuam
614 1539 831 1615 concreverss'am
849 1537 939 1602 diois,
954 1557 988 1592 ac
1010 1556 1067 1592 non
1085 1543 1174 1614 eam-⁴

165 1636 236 1689 quae
253 1616 366 1672 dirimat
384 1620 497 1672 omnia.-
521 1619 602 1686 illud,
620 1621 692 1689 quod
707 1623 797 1674 'altero
814 1624 876 1676 loco
894 1624 1027 1693 positum,
1044 1642 1099 1678 non
1116 1644 1148 1678 re
1195 1648 1197 1658 ·

164 1721 226 1757 vera
251 1704 351 1756 l'actum
376 1714 452 1768 erat,
477 1703 531 1758 sed*
548 1706 616 1758 ordo
633 1705 750 1772 inverti,
779 1718 807 1760 et
823 1707 901 1760 reddi
917 1719 1007 1776 potest
1023 1727 1072 1777 per
1089 1726 1147 1762 non
1257 1737 1260 1742 ·

162 1817 198 1832 -
216 1789 275 1844 sed.
311 1793 369 1842 Nec
386 1791 469 1844 facile
487 1790 711 1844 demonstrabitur
725 1794 880 1848 Ciceronem
897 1796 974 1846 Tunc.
990 1794 1024 1857 2,
1042 1794 1092 1857 12,
1104 1793 1149 1846 28.

165 1871 220 1932 non'
243 1875 362 1946 potuisse
381 1875 513 1928 scribere:
543 1872 623 1950 quart
639 1878 674 1932 de
688 1877 790 1944 umbo,
811 1897 869 1933 non
884 1879 922 1934 de
939 1899 969 1934 re
988 1873 1150 1934 luberetnrs

166 1962 245 2013 sicuti
266 1962 300 2012 ad
320 1963 393 2013 Fam.
411 1961 446 2035 Q,
464 1960 497 2026 7,
520 1959 546 2014 4.
571 1965 694 2032 scripsitr
724 1967 804 2036 quari
829 1959 905 2018 nero¹
920 1965 960 2018 ad
984 1983 1149 2038 cognossen-
1241 1969 1247 1983 ‘

167 2047 233 2101 dans
251 2063 303 2118 ego
324 2046 363 2099 ad
381 2045 464 2109 illos,
487 2064 544 2102 non
560 2047 609 2104 tttt
626 2048 666 2102 ud
684 2067 727 2103 nse
744 2052 839 2104 venire
854 2047 1010 2110 debuerint.

178 2165 221 2231 ll.
257 2169 299 2230 Ἰ1.
329 2163 426 2229 Nunc
449 2163 500 2231 ad
521 2187 619 2232 usum
651 2167 831 2254 particulae
855 2170 889 2237 in
912 2168 1148 2255 coniungendis
1210 2239 1214 2246 ,
1251 2181 1253 2187 ’

93 2252 263 2317 sententiis
288 2251 582 2336 transgrediamur.
625 2253 734 2340 Atque
757 2253 831 2336 ille,
862 2275 961 2342 quem
980 2254 1014 2317 in
1032 2255 1149 2318 notio·
1219 2281 1220 2292 ¹

26 2366 28 2374 ’
93 2338 193 2404 nibus
220 2337 413 2426 copulandis
439 2337 610 2425 hueusque
629 2337 947 2417 demonstravimus,
969 2361 1074 2404 nexus
1091 2363 1148 2404 ae-

95 2424 260 2512 qualitatis
283 2424 372 2488 idem
396 2424 485 2488 inter
510 2423 590 2489 duas
614 2425 791 2490 sententias
812 2426 927 2492 locum
949 2424 1066 2506 habet,
1090 2426 1148 2492 ubi

95 2521 152 2576 aut
182 2509 291 2586 alteri,
325 2527 407 2600 quae
424 2511 591 2598 sequitur,¹
622 2511 792 2598 aequalem
811 2513 880 2578 vim·
899 2523 931 2578 et
954 2512 1165 2598 dignitatem‘

95 2595 292 2676 tribuimus,
325 2601 389 2660 u'ut·
404 2595 510 2661 altera
525 2605 607 2661 cnm
624 2598 724 2662 altera
744 2599 850 2686 priori
864 2621 995 2664 caussae
1009 2600 1150 2680 tutione,

95 2683 148 2748 vel
172 2682 336 2767 temporis
363 2684 599 2763 continuitate,
631 2685 682 2750 vel
705 2685 999 2772 argumentationis
1028 2706 1150 2750 conse-

95 2769 259 2856 quutioue
280 2765 445 2831 cohaeret.
490 2769 603 2848 Quare
618 2771 756 2857 ponitur
778 2787 900 2848 nern
922 2770 957 2834 in
980 2767 1079 2834 rebus
1098 2770 1150 2835 vel

96 2853 260 2940 exemplis
279 2851 376 2937 unius
399 2854 527 2940 'generis
551 2855 883 2942 comprehendendis.
926 2857 996 2919 Nos
1012 2854 1150 2919 dicimus
1210 2861 1216 2874 ’

96 2939 179 3006 eben
194 2961 252 3017 so,
273 2937 347 3002 und
361 2935 442 3008 eben
456 2961 521 3004 so.-
547 2937 586 3002 ld
608 2939 777 3004 interdum
799 2941 928 3029 gravius
952 2942 1151 3028 exprimitur
1245 2947 1271 3004 .‘

96 3027 217 3094 additis
233 3023 341 3091 verbis
357 3024 425 3107 sic,
452 3023 614 3091 similiter
629 3036 664 3091 et
678 3027 757 3092 aliis.
833 3069 836 3076 ·
929 3025 934 3031 “

200 3147 430 3232 Terent.'Heoyr.
454 3159 487 3227 5,
509 3160 544 3227 4,
570 3161 612 3217 18.
638 3179 717 3232 quum
743 3164 891 3234 Pamphilus
928 3138 1052 3228 dixisset,
1077 3165 1150 3218 anti·

117 3281 121 3289 f
165 3241 250 3323 qnam
274 3247 346 3300 adeo
371 3259 450 3302 tuum
478 3259 657 3302 venustatem
688 3246 807 3304 obtines.
834 3247 943 3300 Bacchis
974 3250 1027 3301 sit:
1053 3251 1095 3303 Ac
1118 3262 1165 3304 tu1

112 3343 114 3348 ’
165 3345 279 3390 ecastor
287 3321 576 3425 priorem-antiquum
606 3346 691 3410 utque
714 3336 855 3406 ingenium
874 3332 991 3389 obtines.
1009 3336 1027 3387 i.
1047 3353 1070 3388 e.
1086 3337 1151 3389 itam
1173 3339 1183 3411 ’ἵ

167 3430 206 3472 tu.
242 3420 297 3472 cic.
315 3419 348 3472 ds
366 3409 431 3490 leeg.
448 3421 483 3485 2,
503 3422 554 3485 10,
571 3416 615 3472 24.
635 3429 719 3490 atque
734 3418 811 3490 'heco
832 3437 893 3473 meu
913 3419 1025 3493 quidem
1044 3433 1151 3476 senten·

169 3510 214 3560 tia
230 3515 282 3560 est.
314 3501 383 3558 eben
406 3509 499 3561 suist
521 3507 614 3573 maine
636 3506 789 3576 Meinung.
823 3503 948 3558 de'.0rat.
968 3505 1003 3569 3,
1022 3505 1151 3573 47,188.

167 3593 222 3644 cic.
242 3589 276 3642 de
293 3581 394 3641 lavent.
415 3591 449 3655 2,
467 3589 520 3656 62,
543 3590 602 3644 157,
623 3591 751 3661 enarratis
770 3607 859 3642 rernm
872 3591 1081 3660 expetendarum
1100 3609 1150 3661 gs·
1199 3619 1204 3636 ι

166 3677 294 3740 neribus,
316 3674 405 3726 addit:
430 3685 515 3748 utque
533 3696 567 3732 en
587 3677 631 3734 his
644 3677 744 3732 horum
762 3671 904 3730 connarid
920 3671 1034 3746 facile,
1060 3687 1152 3732 tacen·
1184 3673 1193 3684 ''

169 3760 243 3814 tibus
262 3755 361 3824 nobis,
379 3758 580 3832 intelligentur.
597 3763 617 3815 i.
633 3783 656 3816 e.
677 3763 791 3828 etitem,
807 3771 835 3816 et
854 3779 945 3830 aeque.
978 3762 1065 3818 Tacit.
1082 3767 1151 3815 Anu.

167 3849 203 3912 1,
219 3843 263 3902 47.
280 3862 351 3919 pnes
368 3847 455 3918 igitur
472 3843 650 3918 anteferret?
676 3867 726 3911 aa,
752 3867 787 3901 ne
804 3848 961 3920 postpositi
980 3845 1152 3901 contumelia

169 3930 388 3986 incenderentur.
421 3933 535 3985 Wolfius
552 3933 669 3986 mirabili
687 3928 832 3986 subtilitate
854 3931 934 3984 haec:
953 3952 1006 3997 „ac
1023 3933 1151 3986 insertum
1210 3986 1211 3994 ¹

126 4025 128 4028 '
156 4027 229 4086 ⁸esc,
246 4027 276 4068 ut
294 4017 387 4070 melius
404 4017 596 4086 distinguantur
616 4019 668 4082 duo
688 4028 838 4076 momenta:
862 4017 975 4086 primum
991 4017 1066 4086 optio
1084 4017 1151 4085 ipsa,

171 4115 226 4156 turn
243 4108 357 4158 metus.“
392 4105 444 4156 Cur
462 4115 548 4157 autem
569 4105 607 4156 ita
624 4102 836 4176 distinguantur,
858 4102 904 4154 ille
922 4119 975 4154 nou
994 4099 1079 4165 dixit}
1097 4118 1177 4153 new
1215 4148 1219 4165 ,
1305 4105 1307 4117 ’

55 4173 72 4196 ”
173 4209 225 4260 qne
248 4188 327 4242 etiam
350 4207 402 4260 quo
425 4191 504 4246 ruodo
525 4191 583 4247 lieri
600 4188 717 4268 patuerit
735 4187 870 4252 distinctio
889 4205 936 4256 per
952 4205 993 4244 aa·
1027 4187 1079 4243 sed
1098 4187 1149 4240 ad-
