<?xml version="1.0" encoding="UTF-8"?>
<!DOCTYPE html PUBLIC "-//W3C//DTD XHTML 1.0 Transitional//EN"
    "http://www.w3.org/TR/xhtml1/DTD/xhtml1-transitional.dtd">
<html xmlns="http://www.w3.org/1999/xhtml" xml:lang="en" lang="en">
 <head>
  <title>
</title>
<meta http-equiv="Content-Type" content="text/html;charset=utf-8" />
  <meta name='ocr-system' content='tesseract 3.04.00' />
  <meta name='ocr-capabilities' content='ocr_page ocr_carea ocr_par ocr_line ocrx_word'/>
</head>
<body>
  <div class='ocr_page' id='page_1' title='image "./ferdinandihandi00torsgoog_0362.png"; bbox 0 0 2760 4748; ppageno 0'>
   <div class='ocr_carea' id='block_1_1' title="bbox 213 333 1296 844">
    <p class='ocr_par' dir='ltr' id='par_1_1' title="bbox 213 333 808 440">
     <span class='ocr_line' id='line_1_1' title="bbox 213 333 808 440; baseline -0.013 -19"><span class='ocrx_word' id='word_1_1' title='bbox 213 387 217 395; x_wconf 83' lang='lat'><strong>¹</strong></span> <span class='ocrx_word' id='word_1_2' title='bbox 249 353 313 422; x_wconf 61' lang='grc'><strong><em>840</em></strong></span> <span class='ocrx_word' id='word_1_3' title='bbox 439 333 446 391; x_wconf 52' lang='grc' dir='ltr'><strong><em>Ι’</em></strong></span> <span class='ocrx_word' id='word_1_4' title='bbox 614 437 618 440; x_wconf 30' lang='lat'><em>⁷</em></span> <span class='ocrx_word' id='word_1_5' title='bbox 736 345 808 414; x_wconf 65' lang='lat' dir='ltr'><strong><em>AN·</em></strong></span> 
     </span>
    </p>

    <p class='ocr_par' dir='ltr' id='par_1_2' title="bbox 221 495 1296 844">
     <span class='ocr_line' id='line_1_2' title="bbox 253 495 1296 596; baseline -0.015 -18"><span class='ocrx_word' id='word_1_6' title='bbox 253 512 307 578; x_wconf 81' lang='lat' dir='ltr'><strong><em>Izis</em></strong></span> <span class='ocrx_word' id='word_1_7' title='bbox 321 503 456 596; x_wconf 85' lang='lat' dir='ltr'><strong><em>quidem</em></strong></span> <span class='ocrx_word' id='word_1_8' title='bbox 476 499 615 568; x_wconf 86' lang='lat' dir='ltr'><strong><em>testibus</em></strong></span> <span class='ocrx_word' id='word_1_9' title='bbox 636 497 853 566; x_wconf 80' lang='lat' dir='ltr'><strong><em>crederetur?</em></strong></span> <span class='ocrx_word' id='word_1_10' title='bbox 879 524 927 567; x_wconf 80' lang='lat' dir='ltr'><strong><em>arr</em></strong></span> <span class='ocrx_word' id='word_1_11' title='bbox 949 499 1035 564; x_wconf 78' lang='lat' dir='ltr'><strong><em>haec</em></strong></span> <span class='ocrx_word' id='word_1_12' title='bbox 1059 495 1204 562; x_wconf 82' lang='lat' dir='ltr'><strong><em>adrem</em></strong></span> <span class='ocrx_word' id='word_1_13' title='bbox 1227 519 1296 562; x_wconf 82' lang='lat' dir='ltr'><strong><em>non</em></strong></span> 
     </span>
     <span class='ocr_line' id='line_1_3' title="bbox 222 579 1296 686; baseline -0.014 -24"><span class='ocrx_word' id='word_1_14' title='bbox 222 586 449 686; x_wconf 67' lang='lat' dir='ltr'><strong><em>&#39;pertineretl</em></strong></span> <span class='ocrx_word' id='word_1_15' title='bbox 473 585 629 674; x_wconf 79' lang='lat' dir='ltr'><strong><em>-quid</em></strong></span> <span class='ocrx_word' id='word_1_16' title='bbox 651 599 719 668; x_wconf 87' lang='lat' dir='ltr'><strong><em>est,</em></strong></span> <span class='ocrx_word' id='word_1_17' title='bbox 760 585 904 664; x_wconf 78' lang='lat' dir='ltr'><strong><em>Verres,</em></strong></span> <span class='ocrx_word' id='word_1_18' title='bbox 936 584 1026 673; x_wconf 84' lang='lat' dir='ltr'><strong><em>quod</em></strong></span> <span class='ocrx_word' id='word_1_19' title='bbox 1046 579 1296 682; x_wconf 33' lang='lat' dir='ltr'><strong><em>planum&#39;fieri</em></strong></span> 
     </span>
     <span class='ocr_line' id='line_1_4' title="bbox 251 667 1294 762; baseline -0.013 -17"><span class='ocrx_word' id='word_1_20' title='bbox 251 677 389 749; x_wconf 81' lang='lat' dir='ltr'><strong><em>testibus</em></strong></span> <span class='ocrx_word' id='word_1_21' title='bbox 403 675 532 762; x_wconf 67' lang='lat' dir='ltr'><strong><em>possit,</em></strong></span> <span class='ocrx_word' id='word_1_22' title='bbox 563 672 595 736; x_wconf 87' lang='lat' dir='ltr'><strong><em>si</em></strong></span> <span class='ocrx_word' id='word_1_23' title='bbox 615 673 678 736; x_wconf 82' lang='lat' dir='ltr'><strong><em>boc</em></strong></span> <span class='ocrx_word' id='word_1_24' title='bbox 699 695 770 736; x_wconf 85' lang='grc' dir='ltr'><strong><em>ιιοιι</em></strong></span> <span class='ocrx_word' id='word_1_25' title='bbox 786 669 864 736; x_wconf 77' lang='lat' dir='ltr'><strong><em>sit?</em></strong></span> <span class='ocrx_word' id='word_1_26' title='bbox 892 695 939 736; x_wconf 87' lang='grc' dir='ltr'><strong><em>αιι</em></strong></span> <span class='ocrx_word' id='word_1_27' title='bbox 963 670 1020 750; x_wconf 86' lang='lat' dir='ltr'><strong><em>id,</em></strong></span> <span class='ocrx_word' id='word_1_28' title='bbox 1051 667 1141 756; x_wconf 84' lang='lat' dir='ltr'><strong><em>quod</em></strong></span> <span class='ocrx_word' id='word_1_29' title='bbox 1165 667 1294 744; x_wconf 80' lang='lat' dir='ltr'><strong><em>decant,</em></strong></span> 
     </span>
     <span class='ocr_line' id='line_1_5' title="bbox 221 756 1295 844; baseline -0.015 -10"><span class='ocrx_word' id='word_1_30' title='bbox 221 797 228 814; x_wconf 54' lang='grc' dir='ltr'><em>ν</em></span> <span class='ocrx_word' id='word_1_31' title='bbox 253 769 321 834; x_wconf 78' lang='lat' dir='ltr'><strong><em>leve</em></strong></span> <span class='ocrx_word' id='word_1_32' title='bbox 330 759 404 829; x_wconf 82' lang='lat' dir='ltr'><strong><em>est?</em></strong></span> <span class='ocrx_word' id='word_1_33' title='bbox 425 757 781 844; x_wconf 80' lang='lat' dir='ltr'><strong><em>Interrogationessibi</em></strong></span> <span class='ocrx_word' id='word_1_34' title='bbox 796 757 1017 844; x_wconf 81' lang='lat' dir='ltr'><strong><em>respondent:</em></strong></span> <span class='ocrx_word' id='word_1_35' title='bbox 1040 765 1208 835; x_wconf 88' lang='lat' dir='ltr'><strong><em>utrumne,</em></strong></span> <span class='ocrx_word' id='word_1_36' title='bbox 1229 756 1295 818; x_wconf 88' lang='lat' dir='ltr'><strong><em>sive</em></strong></span> 
     </span>
    </p>
   </div>
   <div class='ocr_carea' id='block_1_2' title="bbox 249 841 1293 1090">
    <p class='ocr_par' dir='ltr' id='par_1_3' title="bbox 249 841 1293 1090">
     <span class='ocr_line' id='line_1_6' title="bbox 249 841 1293 924; baseline -0.012 -7"><span class='ocrx_word' id='word_1_37' title='bbox 249 874 335 924; x_wconf 75' lang='lat' dir='ltr'><strong><em>aum</em></strong></span> <span class='ocrx_word' id='word_1_38' title='bbox 352 843 693 914; x_wconf 82' lang='lat' dir='ltr'><strong><em>caussadubitationis</em></strong></span> <span class='ocrx_word' id='word_1_39' title='bbox 712 843 856 906; x_wconf 91' lang='lat' dir='ltr'><strong><em>cernitur</em></strong></span> <span class='ocrx_word' id='word_1_40' title='bbox 873 843 908 906; x_wconf 86' lang='lat' dir='ltr'><strong><em>in</em></strong></span> <span class='ocrx_word' id='word_1_41' title='bbox 930 843 1064 907; x_wconf 89' lang='lat' dir='ltr'><strong><em>testium</em></strong></span> <span class='ocrx_word' id='word_1_42' title='bbox 1083 841 1293 924; x_wconf 20' lang='lat' dir='ltr'><strong><em>*auctoritate</em></strong></span> 
     </span>
     <span class='ocr_line' id='line_1_7' title="bbox 251 925 1290 1084; baseline -0.011 -85"><span class='ocrx_word' id='word_1_43' title='bbox 251 961 295 1006; x_wconf 84' lang='lat' dir='ltr'><strong><em>an</em></strong></span> <span class='ocrx_word' id='word_1_44' title='bbox 310 931 400 1084; x_wconf 64' lang='lat' dir='ltr'><strong><em>qpod</em></strong></span> <span class='ocrx_word' id='word_1_45' title='bbox 415 929 496 995; x_wconf 86' lang='lat' dir='ltr'><strong><em>haec</em></strong></span> <span class='ocrx_word' id='word_1_46' title='bbox 518 929 647 994; x_wconf 90' lang='lat' dir='ltr'><strong><em>adrem</em></strong></span> <span class='ocrx_word' id='word_1_47' title='bbox 668 951 736 992; x_wconf 91' lang='lat' dir='ltr'><strong><em>non</em></strong></span> <span class='ocrx_word' id='word_1_48' title='bbox 754 925 941 1016; x_wconf 74' lang='lat' dir='ltr'><strong><em>pertinent?</em></strong></span> <span class='ocrx_word' id='word_1_49' title='bbox 959 937 1134 1005; x_wconf 89' lang='lat' dir='ltr'><strong><em>utrumne,</em></strong></span> <span class='ocrx_word' id='word_1_50' title='bbox 1164 950 1190 989; x_wconf 90' lang='lat' dir='ltr'><strong><em>s.</em></strong></span> <span class='ocrx_word' id='word_1_51' title='bbox 1213 949 1290 990; x_wconf 89' lang='lat' dir='ltr'><strong><em>num</em></strong></span> 
     </span>
     <span class='ocr_line' id='line_1_8' title="bbox 250 1033 326 1090; baseline -0.079 0"><span class='ocrx_word' id='word_1_52' title='bbox 250 1033 326 1090; x_wconf 77' lang='lat' dir='ltr'><strong><em>testi</em></strong></span> 
     </span>
    </p>
   </div>
   <div class='ocr_carea' id='block_1_3' title="bbox 189 1009 1292 1099">
    <p class='ocr_par' dir='ltr' id='par_1_4' title="bbox 189 1009 1292 1099">
     <span class='ocr_line' id='line_1_9' title="bbox 189 1009 1292 1099; baseline -0.004 -17"><span class='ocrx_word' id='word_1_53' title='bbox 189 1027 197 1038; x_wconf 87' lang='grc'><strong>“</strong></span> <span class='ocrx_word' id='word_1_54' title='bbox 236 1023 244 1034; x_wconf 79' lang='grc'>”</span> <span class='ocrx_word' id='word_1_55' title='bbox 350 1016 513 1084; x_wconf 87' lang='lat' dir='ltr'><strong><em>usnullus</em></strong></span> <span class='ocrx_word' id='word_1_56' title='bbox 525 1014 579 1080; x_wconf 89' lang='lat' dir='ltr'><strong><em>hic</em></strong></span> <span class='ocrx_word' id='word_1_57' title='bbox 593 1015 752 1089; x_wconf 87' lang='lat' dir='ltr'><strong><em>locusest,</em></strong></span> <span class='ocrx_word' id='word_1_58' title='bbox 769 1037 810 1077; x_wconf 93' lang='lat' dir='ltr'><strong><em>an</em></strong></span> <span class='ocrx_word' id='word_1_59' title='bbox 824 1013 869 1096; x_wconf 93' lang='lat' dir='ltr'><strong><em>id,</em></strong></span> <span class='ocrx_word' id='word_1_60' title='bbox 887 1013 976 1099; x_wconf 92' lang='lat' dir='ltr'><strong><em>quod</em></strong></span> <span class='ocrx_word' id='word_1_61' title='bbox 993 1013 1118 1092; x_wconf 83' lang='lat' dir='ltr'><strong><em>dicunt,</em></strong></span> <span class='ocrx_word' id='word_1_62' title='bbox 1133 1009 1206 1076; x_wconf 86' lang='lat' dir='ltr'><strong><em>leve</em></strong></span> <span class='ocrx_word' id='word_1_63' title='bbox 1223 1011 1292 1078; x_wconf 71' lang='lat' dir='ltr'><strong><em>est?</em></strong></span> 
     </span>
    </p>
   </div>
   <div class='ocr_carea' id='block_1_4' title="bbox 143 1099 1293 1188">
    <p class='ocr_par' dir='ltr' id='par_1_5' title="bbox 143 1099 1293 1188">
     <span class='ocr_line' id='line_1_10' title="bbox 143 1099 1293 1188; baseline -0.012 -14"><span class='ocrx_word' id='word_1_64' title='bbox 143 1166 157 1174; x_wconf 80' lang='grc'><strong>.</strong></span> <span class='ocrx_word' id='word_1_65' title='bbox 250 1112 339 1176; x_wconf 87' lang='lat' dir='ltr'><strong><em>Haec</em></strong></span> <span class='ocrx_word' id='word_1_66' title='bbox 365 1106 453 1170; x_wconf 85' lang='lat' dir='ltr'><strong><em>inter</em></strong></span> <span class='ocrx_word' id='word_1_67' title='bbox 475 1123 510 1165; x_wconf 90' lang='lat' dir='ltr'><strong><em>se</em></strong></span> <span class='ocrx_word' id='word_1_68' title='bbox 533 1109 752 1188; x_wconf 88' lang='lat' dir='ltr'><strong><em>opponuntur</em></strong></span> <span class='ocrx_word' id='word_1_69' title='bbox 780 1108 950 1188; x_wconf 79' lang='lat' dir='ltr'>tamquam</span> <span class='ocrx_word' id='word_1_70' title='bbox 973 1099 1062 1164; x_wconf 85' lang='lat' dir='ltr'><strong><em>varia</em></strong></span> <span class='ocrx_word' id='word_1_71' title='bbox 1088 1108 1293 1183; x_wconf 82' lang='lat' dir='ltr'><strong><em>argumenta.</em></strong></span> 
     </span>
    </p>
   </div>
   <div class='ocr_carea' id='block_1_5' title="bbox 239 1187 648 1282">
    <p class='ocr_par' dir='ltr' id='par_1_6' title="bbox 239 1187 648 1282">
     <span class='ocr_line' id='line_1_11' title="bbox 239 1187 648 1282; baseline -0.029 -22"><span class='ocrx_word' id='word_1_72' title='bbox 239 1196 349 1282; x_wconf 77' lang='lat' dir='ltr'><strong><em>,Plura</em></strong></span> <span class='ocrx_word' id='word_1_73' title='bbox 367 1187 455 1254; x_wconf 86' lang='lat' dir='ltr'><strong><em>infra</em></strong></span> <span class='ocrx_word' id='word_1_74' title='bbox 475 1187 648 1274; x_wconf 37' lang='lat' dir='ltr'><strong><em>dabimus..</em></strong></span> 
     </span>
    </p>
   </div>
   <div class='ocr_carea' id='block_1_6' title="bbox 164 1299 1295 1653">
    <p class='ocr_par' dir='ltr' id='par_1_7' title="bbox 164 1299 1295 1564">
     <span class='ocr_line' id='line_1_12' title="bbox 296 1299 1295 1392; baseline -0.011 -18"><span class='ocrx_word' id='word_1_75' title='bbox 296 1307 301 1315; x_wconf 68' lang='grc'><strong>“</strong></span> <span class='ocrx_word' id='word_1_76' title='bbox 334 1313 380 1374; x_wconf 76' lang='lat'><strong><em>6:</em></strong></span> <span class='ocrx_word' id='word_1_77' title='bbox 396 1304 462 1371; x_wconf 90' lang='lat' dir='ltr'><strong><em>Sed</em></strong></span> <span class='ocrx_word' id='word_1_78' title='bbox 477 1303 703 1392; x_wconf 86' lang='lat' dir='ltr'><strong><em>distinguenda</em></strong></span> <span class='ocrx_word' id='word_1_79' title='bbox 725 1311 803 1366; x_wconf 86' lang='lat' dir='ltr'><strong><em>sunt</em></strong></span> <span class='ocrx_word' id='word_1_80' title='bbox 820 1325 857 1371; x_wconf 89' lang='lat' dir='ltr'><strong><em>ea</em></strong></span> <span class='ocrx_word' id='word_1_81' title='bbox 877 1303 1043 1390; x_wconf 85' lang='lat' dir='ltr'><strong><em>exempla,</em></strong></span> <span class='ocrx_word' id='word_1_82' title='bbox 1063 1299 1235 1387; x_wconf 87' lang='lat' dir='ltr'><strong><em>inquibus</em></strong></span> <span class='ocrx_word' id='word_1_83' title='bbox 1250 1325 1295 1364; x_wconf 84' lang='grc' dir='ltr'><strong><em>αιι</em></strong></span> 
     </span>
     <span class='ocr_line' id='line_1_13' title="bbox 250 1387 1293 1488; baseline -0.013 -26"><span class='ocrx_word' id='word_1_84' title='bbox 250 1393 432 1488; x_wconf 89' lang='lat' dir='ltr'><strong><em>praemissa</em></strong></span> <span class='ocrx_word' id='word_1_85' title='bbox 452 1391 513 1463; x_wconf 89' lang='lat' dir='ltr'><strong><em>alia</em></strong></span> <span class='ocrx_word' id='word_1_86' title='bbox 542 1389 800 1474; x_wconf 69' lang='lat' dir='ltr'><strong><em>interrogatione</em></strong></span> <span class='ocrx_word' id='word_1_87' title='bbox 823 1389 1010 1476; x_wconf 73' lang='lat' dir='ltr'><strong><em>anaphoras</em></strong></span> <span class='ocrx_word' id='word_1_88' title='bbox 1034 1388 1181 1452; x_wconf 86' lang='lat' dir='ltr'><strong><em>inservit.</em></strong></span> <span class='ocrx_word' id='word_1_89' title='bbox 1225 1387 1293 1449; x_wconf 87' lang='lat' dir='ltr'><strong><em>Hoc</em></strong></span> 
     </span>
     <span class='ocr_line' id='line_1_14' title="bbox 164 1472 1294 1564; baseline -0.015 -13"><span class='ocrx_word' id='word_1_90' title='bbox 164 1501 169 1509; x_wconf 75' lang='grc'><strong><em>’</em></strong></span> <span class='ocrx_word' id='word_1_91' title='bbox 249 1483 339 1550; x_wconf 90' lang='lat' dir='ltr'><strong><em>enim</em></strong></span> <span class='ocrx_word' id='word_1_92' title='bbox 357 1476 462 1542; x_wconf 91' lang='lat' dir='ltr'><strong><em>modo</em></strong></span> <span class='ocrx_word' id='word_1_93' title='bbox 488 1477 643 1545; x_wconf 87' lang='lat' dir='ltr'><strong><em>duacres</em></strong></span> <span class='ocrx_word' id='word_1_94' title='bbox 659 1473 812 1562; x_wconf 60' lang='lat' dir='ltr'><strong><em>,disiungi</em></strong></span> <span class='ocrx_word' id='word_1_95' title='bbox 840 1485 1000 1564; x_wconf 83' lang='lat' dir='ltr'><strong><em>possunt,</em></strong></span> <span class='ocrx_word' id='word_1_96' title='bbox 1030 1495 1112 1561; x_wconf 93' lang='lat' dir='ltr'><strong><em>quae</em></strong></span> <span class='ocrx_word' id='word_1_97' title='bbox 1134 1493 1205 1536; x_wconf 91' lang='lat' dir='ltr'><strong><em>non</em></strong></span> <span class='ocrx_word' id='word_1_98' title='bbox 1221 1472 1294 1535; x_wconf 88' lang='lat' dir='ltr'><strong><em>sibi</em></strong></span> 
     </span>
    </p>

    <p class='ocr_par' dir='ltr' id='par_1_8' title="bbox 248 1565 550 1653">
     <span class='ocr_line' id='line_1_15' title="bbox 248 1565 550 1653; baseline -0.046 -17"><span class='ocrx_word' id='word_1_99' title='bbox 248 1565 413 1653; x_wconf 82' lang='lat' dir='ltr'><strong><em>contraria</em></strong></span> <span class='ocrx_word' id='word_1_100' title='bbox 428 1571 518 1627; x_wconf 88' lang='lat' dir='ltr'><strong><em>sunt.</em></strong></span> <span class='ocrx_word' id='word_1_101' title='bbox 529 1607 550 1621; x_wconf 85' lang='grc'><strong><em>..</em></strong></span> 
     </span>
    </p>
   </div>
   <div class='ocr_carea' id='block_1_7' title="bbox 311 1664 1293 2006">
    <p class='ocr_par' dir='ltr' id='par_1_9' title="bbox 311 1664 1293 2006">
     <span class='ocr_line' id='line_1_16' title="bbox 334 1664 1292 1752; baseline -0.01 -15"><span class='ocrx_word' id='word_1_102' title='bbox 334 1679 504 1746; x_wconf 79' lang='lat' dir='ltr'><strong><em>‘natu11.29,</em></strong></span> <span class='ocrx_word' id='word_1_103' title='bbox 525 1677 567 1734; x_wconf 81' lang='lat'><strong><em>15.</em></strong></span> <span class='ocrx_word' id='word_1_104' title='bbox 584 1680 881 1752; x_wconf 64' lang='lat' dir='ltr'><strong><em>parumpxpatravr&#39;t?</em></strong></span> <span class='ocrx_word' id='word_1_105' title='bbox 899 1697 935 1740; x_wconf 73' lang='lat' dir='ltr'><strong><em>aar</em></strong></span> <span class='ocrx_word' id='word_1_106' title='bbox 953 1664 1054 1750; x_wconf 74' lang='lat' dir='ltr'><strong><em>parum</em></strong></span> <span class='ocrx_word' id='word_1_107' title='bbox 1070 1675 1214 1732; x_wconf 72' lang='lat' dir='ltr'><strong><em>helluatus</em></strong></span> <span class='ocrx_word' id='word_1_108' title='bbox 1228 1677 1292 1732; x_wconf 78' lang='lat' dir='ltr'><strong><em>est?</em></strong></span> 
     </span>
     <span class='ocr_line' id='line_1_17' title="bbox 313 1763 1293 1836; baseline -0.006 -14"><span class='ocrx_word' id='word_1_109' title='bbox 313 1771 371 1822; x_wconf 83' lang='lat' dir='ltr'><strong><em>Lir.</em></strong></span> <span class='ocrx_word' id='word_1_110' title='bbox 386 1765 447 1832; x_wconf 85' lang='lat'><strong><em>.41,</em></strong></span> <span class='ocrx_word' id='word_1_111' title='bbox 469 1767 519 1833; x_wconf 73' lang='lat'><strong><em>24,</em></strong></span> <span class='ocrx_word' id='word_1_112' title='bbox 545 1766 571 1818; x_wconf 89' lang='grc'><strong><em>8.</em></strong></span> <span class='ocrx_word' id='word_1_113' title='bbox 598 1769 752 1836; x_wconf 76' lang='lat' dir='ltr'><strong><em>opportuni</em></strong></span> <span class='ocrx_word' id='word_1_114' title='bbox 777 1765 987 1836; x_wconf 78' lang='lat' dir='ltr'><strong><em>propinquitate</em></strong></span> <span class='ocrx_word' id='word_1_115' title='bbox 1014 1767 1078 1834; x_wconf 82' lang='lat' dir='ltr'><strong><em>ipsa</em></strong></span> <span class='ocrx_word' id='word_1_116' title='bbox 1101 1763 1293 1831; x_wconf 71' lang='lat' dir='ltr'><strong><em>Macedonips</em></strong></span> 
     </span>
     <span class='ocr_line' id='line_1_18' title="bbox 311 1847 1293 1923; baseline -0.006 -16"><span class='ocrx_word' id='word_1_117' title='bbox 311 1854 430 1908; x_wconf 78' lang='lat' dir='ltr'><strong><em>sumus?</em></strong></span> <span class='ocrx_word' id='word_1_118' title='bbox 452 1871 488 1903; x_wconf 84' lang='lat' dir='ltr'><strong><em>an</em></strong></span> <span class='ocrx_word' id='word_1_119' title='bbox 504 1847 688 1918; x_wconf 75' lang='lat' dir='ltr'><strong><em>infirmissimi</em></strong></span> <span class='ocrx_word' id='word_1_120' title='bbox 704 1853 845 1915; x_wconf 76' lang='lat' dir='ltr'><strong><em>omnium,</em></strong></span> <span class='ocrx_word' id='word_1_121' title='bbox 865 1861 1025 1923; x_wconf 71' lang='lat' dir='ltr'><strong><em>tamquam,</em></strong></span> <span class='ocrx_word' id='word_1_122' title='bbox 1045 1866 1115 1922; x_wconf 80' lang='lat' dir='ltr'><strong><em>quos</em></strong></span> <span class='ocrx_word' id='word_1_123' title='bbox 1128 1868 1219 1920; x_wconf 82' lang='lat' dir='ltr'><strong><em>nuper</em></strong></span> <span class='ocrx_word' id='word_1_124' title='bbox 1232 1847 1293 1902; x_wconf 79' lang='lat' dir='ltr'><strong><em>sub·</em></strong></span> 
     </span>
     <span class='ocr_line' id='line_1_19' title="bbox 314 1921 1028 2006; baseline -0.011 -14"><span class='ocrx_word' id='word_1_125' title='bbox 314 1939 395 2001; x_wconf 82' lang='lat' dir='ltr'><strong><em>iecit,</em></strong></span> <span class='ocrx_word' id='word_1_126' title='bbox 417 1923 570 2006; x_wconf 73' lang='lat' dir='ltr'><strong><em>Dolopes?</em></strong></span> <span class='ocrx_word' id='word_1_127' title='bbox 587 1938 628 1986; x_wconf 86' lang='lat' dir='ltr'><strong><em>Ita</em></strong></span> <span class='ocrx_word' id='word_1_128' title='bbox 641 1935 714 2004; x_wconf 81' lang='lat' dir='ltr'><strong><em>enim</em></strong></span> <span class='ocrx_word' id='word_1_129' title='bbox 729 1921 966 2004; x_wconf 68' lang='lat' dir='ltr'><strong><em>interpungendum</em></strong></span> <span class='ocrx_word' id='word_1_130' title='bbox 980 1941 1028 1985; x_wconf 84' lang='lat' dir='ltr'><strong><em>est.</em></strong></span> 
     </span>
    </p>
   </div>
   <div class='ocr_carea' id='block_1_8' title="bbox 170 2030 1367 2722">
    <p class='ocr_par' dir='ltr' id='par_1_10' title="bbox 237 2030 1367 2125">
     <span class='ocr_line' id='line_1_20' title="bbox 237 2030 1367 2125; baseline -0.005 -20"><span class='ocrx_word' id='word_1_131' title='bbox 237 2083 246 2096; x_wconf 40' lang='lat' dir='ltr'>x</span> <span class='ocrx_word' id='word_1_132' title='bbox 341 2039 383 2104; x_wconf 80' lang='lat'><strong><em>7.&#39;</em></strong></span> <span class='ocrx_word' id='word_1_133' title='bbox 403 2037 442 2104; x_wconf 91' lang='lat' dir='ltr'><strong><em>In</em></strong></span> <span class='ocrx_word' id='word_1_134' title='bbox 458 2037 612 2124; x_wconf 86' lang='lat' dir='ltr'><strong><em>bipartita</em></strong></span> <span class='ocrx_word' id='word_1_135' title='bbox 626 2036 886 2125; x_wconf 84' lang='lat' dir='ltr'><strong><em>interrogatione</em></strong></span> <span class='ocrx_word' id='word_1_136' title='bbox 901 2030 1004 2123; x_wconf 82' lang='lat' dir='ltr'><strong><em>saepe</em></strong></span> <span class='ocrx_word' id='word_1_137' title='bbox 1020 2036 1153 2124; x_wconf 87' lang='lat' dir='ltr'><strong><em>negatio</em></strong></span> <span class='ocrx_word' id='word_1_138' title='bbox 1179 2057 1292 2123; x_wconf 88' lang='lat' dir='ltr'><strong><em>oppo—</em></strong></span> <span class='ocrx_word' id='word_1_139' title='bbox 1366 2043 1367 2106; x_wconf 51' lang='lat' dir='ltr'><strong><em>i</em></strong></span> 
     </span>
    </p>

    <p class='ocr_par' dir='ltr' id='par_1_11' title="bbox 170 2123 1293 2722">
     <span class='ocr_line' id='line_1_21' title="bbox 246 2123 1291 2214; baseline -0.005 -23"><span class='ocrx_word' id='word_1_140' title='bbox 246 2126 337 2192; x_wconf 88' lang='lat' dir='ltr'><strong><em>nitur</em></strong></span> <span class='ocrx_word' id='word_1_141' title='bbox 351 2147 413 2214; x_wconf 86' lang='lat' dir='ltr'><strong><em>per</em></strong></span> <span class='ocrx_word' id='word_1_142' title='bbox 427 2123 526 2188; x_wconf 89' lang='lat' dir='ltr'><strong><em>verba</em></strong></span> <span class='ocrx_word' id='word_1_143' title='bbox 543 2139 590 2186; x_wconf 81' lang='lat' dir='ltr'><strong><em>ure</em></strong></span> <span class='ocrx_word' id='word_1_144' title='bbox 615 2146 684 2186; x_wconf 82' lang='lat' dir='ltr'><strong><em>nore</em></strong></span> <span class='ocrx_word' id='word_1_145' title='bbox 707 2131 738 2188; x_wconf 85' lang='lat' dir='ltr'><strong><em>et</em></strong></span> <span class='ocrx_word' id='word_1_146' title='bbox 762 2145 876 2188; x_wconf 84' lang='lat' dir='ltr'><strong><em>necne.</em></strong></span> <span class='ocrx_word' id='word_1_147' title='bbox 921 2123 985 2186; x_wconf 87' lang='lat' dir='ltr'><strong><em>Sed</em></strong></span> <span class='ocrx_word' id='word_1_148' title='bbox 1007 2123 1177 2210; x_wconf 88' lang='lat' dir='ltr'><strong><em>quaeritur</em></strong></span> <span class='ocrx_word' id='word_1_149' title='bbox 1200 2123 1291 2186; x_wconf 87' lang='lat' dir='ltr'><strong><em>etde</em></strong></span> 
     </span>
     <span class='ocr_line' id='line_1_22' title="bbox 190 2207 1293 2290; baseline -0.003 -18"><span class='ocrx_word' id='word_1_150' title='bbox 190 2267 192 2272; x_wconf 81' lang='grc'>,</span> <span class='ocrx_word' id='word_1_151' title='bbox 246 2211 436 2278; x_wconf 85' lang='lat' dir='ltr'><strong><em>discrimine</em></strong></span> <span class='ocrx_word' id='word_1_152' title='bbox 452 2207 789 2290; x_wconf 54' lang='lat' dir='ltr'><strong><em>horuvaerborum,</em></strong></span> <span class='ocrx_word' id='word_1_153' title='bbox 823 2209 912 2272; x_wconf 88' lang='lat' dir='ltr'><strong><em>etde</em></strong></span> <span class='ocrx_word' id='word_1_154' title='bbox 931 2209 1192 2272; x_wconf 86' lang='lat' dir='ltr'><strong><em>constructione.</em></strong></span> <span class='ocrx_word' id='word_1_155' title='bbox 1233 2213 1293 2271; x_wconf 86' lang='lat' dir='ltr'><strong><em>At-</em></strong></span> 
     </span>
     <span class='ocr_line' id='line_1_23' title="bbox 246 2292 1292 2384; baseline -0.007 -22"><span class='ocrx_word' id='word_1_156' title='bbox 246 2320 312 2384; x_wconf 89' lang='lat' dir='ltr'><strong><em>que</em></strong></span> <span class='ocrx_word' id='word_1_157' title='bbox 334 2293 568 2361; x_wconf 56' lang='lat' dir='ltr'><strong><em>Ernestiusfad</em></strong></span> <span class='ocrx_word' id='word_1_158' title='bbox 591 2295 659 2358; x_wconf 88' lang='lat' dir='ltr'><strong><em>Cic.</em></strong></span> <span class='ocrx_word' id='word_1_159' title='bbox 682 2292 783 2358; x_wconf 86' lang='lat' dir='ltr'><strong><em>Tusc.</em></strong></span> <span class='ocrx_word' id='word_1_160' title='bbox 808 2300 848 2375; x_wconf 82' lang='lat'><strong><em>2,</em></strong></span> <span class='ocrx_word' id='word_1_161' title='bbox 873 2301 923 2362; x_wconf 81' lang='lat'><strong><em>12.</em></strong></span> <span class='ocrx_word' id='word_1_162' title='bbox 940 2295 1134 2374; x_wconf 79' lang='lat' dir='ltr'><strong><em>observavit,</em></strong></span> <span class='ocrx_word' id='word_1_163' title='bbox 1157 2293 1292 2356; x_wconf 89' lang='lat' dir='ltr'><strong><em>Cicero—</em></strong></span> 
     </span>
     <span class='ocr_line' id='line_1_24' title="bbox 245 2377 1292 2468; baseline -0.005 -21"><span class='ocrx_word' id='word_1_164' title='bbox 245 2405 325 2448; x_wconf 90' lang='lat' dir='ltr'><strong><em>nem</em></strong></span> <span class='ocrx_word' id='word_1_165' title='bbox 344 2383 455 2468; x_wconf 90' lang='lat' dir='ltr'><strong><em>posito</em></strong></span> <span class='ocrx_word' id='word_1_166' title='bbox 472 2402 576 2444; x_wconf 84' lang='lat' dir='ltr'><strong><em>necne</em></strong></span> <span class='ocrx_word' id='word_1_167' title='bbox 585 2401 768 2465; x_wconf 87' lang='lat' dir='ltr'><strong><em>numquam</em></strong></span> <span class='ocrx_word' id='word_1_168' title='bbox 779 2378 868 2445; x_wconf 89' lang='lat' dir='ltr'><strong><em>idem</em></strong></span> <span class='ocrx_word' id='word_1_169' title='bbox 877 2377 1013 2444; x_wconf 90' lang='lat' dir='ltr'><strong><em>verbum</em></strong></span> <span class='ocrx_word' id='word_1_170' title='bbox 1021 2401 1057 2442; x_wconf 91' lang='lat' dir='ltr'><strong><em>re</em></strong></span> <span class='ocrx_word' id='word_1_171' title='bbox 1083 2390 1188 2442; x_wconf 82' lang='lat' dir='ltr'><strong><em>etere:</em></strong></span> <span class='ocrx_word' id='word_1_172' title='bbox 1203 2379 1292 2442; x_wconf 91' lang='lat' dir='ltr'><strong><em>unde</em></strong></span> 
     </span>
     <span class='ocr_line' id='line_1_25' title="bbox 244 2403 1292 2552; baseline -0.004 -20"><span class='ocrx_word' id='word_1_173' title='bbox 244 2466 396 2551; x_wconf 86' lang='lat' dir='ltr'><strong><em>regulam</em></strong></span> <span class='ocrx_word' id='word_1_174' title='bbox 411 2464 556 2528; x_wconf 86' lang='lat' dir='ltr'><strong><em>confecit</em></strong></span> <span class='ocrx_word' id='word_1_175' title='bbox 568 2465 741 2551; x_wconf 89' lang='lat' dir='ltr'><strong><em>Zumptius</em></strong></span> <span class='ocrx_word' id='word_1_176' title='bbox 756 2467 871 2552; x_wconf 65' lang='lat' dir='ltr'><strong><em>psat.</em></strong></span> <span class='ocrx_word' id='word_1_177' title='bbox 881 2487 963 2550; x_wconf 90' lang='lat' dir='ltr'><strong><em>quae</em></strong></span> <span class='ocrx_word' id='word_1_178' title='bbox 978 2403 1292 2550; x_wconf 71' lang='lat' dir='ltr'><strong><em>quodaliundceffi-</em></strong></span> 
     </span>
     <span class='ocr_line' id='line_1_26' title="bbox 245 2549 1291 2646; baseline -0.005 -29"><span class='ocrx_word' id='word_1_179' title='bbox 245 2553 360 2626; x_wconf 88' lang='lat' dir='ltr'><strong><em>ciatur,</em></strong></span> <span class='ocrx_word' id='word_1_180' title='bbox 373 2572 444 2614; x_wconf 94' lang='lat' dir='ltr'><strong><em>non</em></strong></span> <span class='ocrx_word' id='word_1_181' title='bbox 459 2549 565 2636; x_wconf 88' lang='lat' dir='ltr'><strong><em>ipsam</em></strong></span> <span class='ocrx_word' id='word_1_182' title='bbox 584 2571 731 2612; x_wconf 84' lang='lat' dir='ltr'><strong><em>caussam</em></strong></span> <span class='ocrx_word' id='word_1_183' title='bbox 747 2560 881 2646; x_wconf 85' lang='lat' dir='ltr'><strong><em>spectat.</em></strong></span> <span class='ocrx_word' id='word_1_184' title='bbox 909 2549 1149 2616; x_wconf 88' lang='lat' dir='ltr'><strong><em>Ramshoruius</em></strong></span> <span class='ocrx_word' id='word_1_185' title='bbox 1164 2573 1199 2636; x_wconf 88' lang='lat' dir='ltr'><strong><em>p.</em></strong></span> <span class='ocrx_word' id='word_1_186' title='bbox 1218 2552 1291 2615; x_wconf 80' lang='lat'><strong>502.</strong></span> 
     </span>
     <span class='ocr_line' id='line_1_27' title="bbox 170 2635 1289 2722; baseline -0.005 -19"><span class='ocrx_word' id='word_1_187' title='bbox 170 2679 172 2684; x_wconf 32' lang='grc' dir='ltr'><strong><em>ι</em></strong></span> <span class='ocrx_word' id='word_1_188' title='bbox 244 2635 465 2703; x_wconf 71' lang='grc' dir='ltr'><strong><em>(ιιὸιΙιιιΙιίιιε</em></strong></span> <span class='ocrx_word' id='word_1_189' title='bbox 483 2657 516 2722; x_wconf 86' lang='lat' dir='ltr'><strong><em>p.</em></strong></span> <span class='ocrx_word' id='word_1_190' title='bbox 540 2635 613 2699; x_wconf 84' lang='lat'><strong>590.</strong></span> <span class='ocrx_word' id='word_1_191' title='bbox 629 2635 674 2698; x_wconf 90' lang='lat' dir='ltr'><strong><em>ita</em></strong></span> <span class='ocrx_word' id='word_1_192' title='bbox 692 2635 929 2706; x_wconf 80' lang='lat' dir='ltr'><strong><em>distinxerunt:</em></strong></span> <span class='ocrx_word' id='word_1_193' title='bbox 960 2636 995 2699; x_wconf 92' lang='lat' dir='ltr'><strong><em>in</em></strong></span> <span class='ocrx_word' id='word_1_194' title='bbox 1015 2638 1118 2700; x_wconf 87' lang='lat' dir='ltr'><strong><em>altero</em></strong></span> <span class='ocrx_word' id='word_1_195' title='bbox 1135 2635 1289 2700; x_wconf 73' lang='lat' dir='ltr'><strong><em>membro</em></strong></span> 
     </span>
    </p>
   </div>
   <div class='ocr_carea' id='block_1_9' title="bbox 115 2719 1290 2810">
    <p class='ocr_par' dir='ltr' id='par_1_12' title="bbox 115 2719 1290 2810">
     <span class='ocr_line' id='line_1_28' title="bbox 115 2719 1290 2810; baseline 0.002 -28"><span class='ocrx_word' id='word_1_196' title='bbox 115 2777 117 2782; x_wconf 91' lang='lat'><em>.</em></span> <span class='ocrx_word' id='word_1_197' title='bbox 222 2745 350 2810; x_wconf 70' lang='lat' dir='ltr'><strong><em>,quum</em></strong></span> <span class='ocrx_word' id='word_1_198' title='bbox 372 2722 503 2809; x_wconf 86' lang='lat' dir='ltr'><strong><em>negatio</em></strong></span> <span class='ocrx_word' id='word_1_199' title='bbox 520 2731 719 2806; x_wconf 87' lang='lat' dir='ltr'><strong><em>poneretur,</em></strong></span> <span class='ocrx_word' id='word_1_200' title='bbox 742 2729 797 2784; x_wconf 88' lang='lat' dir='ltr'><strong><em>aut</em></strong></span> <span class='ocrx_word' id='word_1_201' title='bbox 822 2719 884 2784; x_wconf 92' lang='lat' dir='ltr'><strong><em>dici</em></strong></span> <span class='ocrx_word' id='word_1_202' title='bbox 905 2743 975 2784; x_wconf 89' lang='lat' dir='ltr'><strong><em>rem</em></strong></span> <span class='ocrx_word' id='word_1_203' title='bbox 1001 2743 1071 2786; x_wconf 89' lang='lat' dir='ltr'><strong><em>nou</em></strong></span> <span class='ocrx_word' id='word_1_204' title='bbox 1090 2744 1158 2785; x_wconf 91' lang='lat' dir='ltr'><strong><em>esse</em></strong></span> <span class='ocrx_word' id='word_1_205' title='bbox 1182 2745 1290 2808; x_wconf 89' lang='lat' dir='ltr'><strong><em>posse,</em></strong></span> 
     </span>
    </p>
   </div>
   <div class='ocr_carea' id='block_1_10' title="bbox 239 2805 1367 3672">
    <p class='ocr_par' dir='ltr' id='par_1_13' title="bbox 239 2805 1367 3672">
     <span class='ocr_line' id='line_1_29' title="bbox 244 2805 1290 2893; baseline -0.007 -17"><span class='ocrx_word' id='word_1_206' title='bbox 244 2820 301 2876; x_wconf 85' lang='lat' dir='ltr'><strong><em>aut</em></strong></span> <span class='ocrx_word' id='word_1_207' title='bbox 317 2831 389 2872; x_wconf 89' lang='lat' dir='ltr'><strong><em>eam</em></strong></span> <span class='ocrx_word' id='word_1_208' title='bbox 406 2829 475 2871; x_wconf 94' lang='lat' dir='ltr'><strong><em>non</em></strong></span> <span class='ocrx_word' id='word_1_209' title='bbox 492 2829 580 2870; x_wconf 85' lang='lat' dir='ltr'><strong><em>esse:</em></strong></span> <span class='ocrx_word' id='word_1_210' title='bbox 602 2806 682 2870; x_wconf 92' lang='lat' dir='ltr'><strong><em>illud</em></strong></span> <span class='ocrx_word' id='word_1_211' title='bbox 699 2806 842 2892; x_wconf 83' lang='lat' dir='ltr'><strong><em>exprimi</em></strong></span> <span class='ocrx_word' id='word_1_212' title='bbox 858 2805 1019 2871; x_wconf 90' lang='lat' dir='ltr'><strong><em>vocabulo</em></strong></span> <span class='ocrx_word' id='word_1_213' title='bbox 1036 2829 1139 2871; x_wconf 82' lang='lat' dir='ltr'><strong><em>necne</em></strong></span> <span class='ocrx_word' id='word_1_214' title='bbox 1156 2807 1197 2871; x_wconf 88' lang='lat' dir='ltr'><strong><em>de</em></strong></span> <span class='ocrx_word' id='word_1_215' title='bbox 1214 2808 1290 2893; x_wconf 91' lang='lat' dir='ltr'><strong><em>opi-</em></strong></span> 
     </span>
     <span class='ocr_line' id='line_1_30' title="bbox 242 2891 1289 2979; baseline -0.004 -21"><span class='ocrx_word' id='word_1_216' title='bbox 242 2895 345 2958; x_wconf 91' lang='lat' dir='ltr'><strong><em>nione</em></strong></span> <span class='ocrx_word' id='word_1_217' title='bbox 361 2894 467 2974; x_wconf 89' lang='lat' dir='ltr'><strong><em>dicto,</em></strong></span> <span class='ocrx_word' id='word_1_218' title='bbox 488 2891 555 2970; x_wconf 82' lang='lat' dir='ltr'><strong><em>hoc</em></strong></span> <span class='ocrx_word' id='word_1_219' title='bbox 570 2892 740 2979; x_wconf 86' lang='lat' dir='ltr'><strong><em>particulis</em></strong></span> <span class='ocrx_word' id='word_1_220' title='bbox 754 2916 812 2959; x_wconf 55' lang='lat' dir='ltr'><strong><em>iau</em></strong></span> <span class='ocrx_word' id='word_1_221' title='bbox 842 2915 921 2956; x_wconf 84' lang='lat' dir='ltr'><strong><em>non.</em></strong></span> <span class='ocrx_word' id='word_1_222' title='bbox 966 2891 1065 2959; x_wconf 88' lang='lat' dir='ltr'><strong><em>Cuius</em></strong></span> <span class='ocrx_word' id='word_1_223' title='bbox 1091 2891 1289 2958; x_wconf 87' lang='lat' dir='ltr'><strong><em>discriminis</em></strong></span> 
     </span>
     <span class='ocr_line' id='line_1_31' title="bbox 241 2977 1288 3064; baseline -0.005 -19"><span class='ocrx_word' id='word_1_224' title='bbox 241 2980 418 3054; x_wconf 87' lang='lat' dir='ltr'><strong><em>rationem,</em></strong></span> <span class='ocrx_word' id='word_1_225' title='bbox 444 2978 575 3064; x_wconf 84' lang='lat' dir='ltr'><strong><em>qualem</em></strong></span> <span class='ocrx_word' id='word_1_226' title='bbox 593 2979 654 3042; x_wconf 90' lang='lat' dir='ltr'><strong><em>viri</em></strong></span> <span class='ocrx_word' id='word_1_227' title='bbox 671 2977 861 3044; x_wconf 71' lang='lat' dir='ltr'><strong><em>doctissimi,</em></strong></span> <span class='ocrx_word' id='word_1_228' title='bbox 877 2977 1136 3059; x_wconf 85' lang='lat' dir='ltr'><strong><em>substruxerint,</em></strong></span> <span class='ocrx_word' id='word_1_229' title='bbox 1167 2989 1203 3042; x_wconf 86' lang='lat' dir='ltr'><strong><em>et</em></strong></span> <span class='ocrx_word' id='word_1_230' title='bbox 1222 3000 1288 3064; x_wconf 94' lang='lat' dir='ltr'><strong><em>quo</em></strong></span> 
     </span>
     <span class='ocr_line' id='line_1_32' title="bbox 240 3061 1367 3156; baseline -0.003 -26"><span class='ocrx_word' id='word_1_231' title='bbox 240 3076 341 3156; x_wconf 82' lang='lat' dir='ltr'><strong><em>paeto</em></strong></span> <span class='ocrx_word' id='word_1_232' title='bbox 357 3065 439 3130; x_wconf 90' lang='lat' dir='ltr'><strong><em>illud</em></strong></span> <span class='ocrx_word' id='word_1_233' title='bbox 454 3087 558 3128; x_wconf 84' lang='lat' dir='ltr'><strong><em>necne</em></strong></span> <span class='ocrx_word' id='word_1_234' title='bbox 575 3062 615 3125; x_wconf 91' lang='lat' dir='ltr'><strong><em>ad</em></strong></span> <span class='ocrx_word' id='word_1_235' title='bbox 631 3061 682 3143; x_wconf 93' lang='lat' dir='ltr'><strong><em>id,</em></strong></span> <span class='ocrx_word' id='word_1_236' title='bbox 705 3062 795 3148; x_wconf 90' lang='lat' dir='ltr'><strong><em>quod</em></strong></span> <span class='ocrx_word' id='word_1_237' title='bbox 818 3085 887 3126; x_wconf 90' lang='lat' dir='ltr'><strong><em>esse</em></strong></span> <span class='ocrx_word' id='word_1_238' title='bbox 909 3085 980 3128; x_wconf 92' lang='lat' dir='ltr'><strong><em>non</em></strong></span> <span class='ocrx_word' id='word_1_239' title='bbox 1002 3071 1135 3150; x_wconf 87' lang='lat' dir='ltr'><strong><em>posset,</em></strong></span> <span class='ocrx_word' id='word_1_240' title='bbox 1165 3064 1290 3128; x_wconf 86' lang='lat' dir='ltr'><strong><em>retule·</em></strong></span> <span class='ocrx_word' id='word_1_241' title='bbox 1366 3095 1367 3102; x_wconf 25' lang='grc' dir='ltr'><strong><em>ι</em></strong></span> 
     </span>
     <span class='ocr_line' id='line_1_33' title="bbox 241 3147 1288 3235; baseline -0.003 -20"><span class='ocrx_word' id='word_1_242' title='bbox 241 3153 327 3226; x_wconf 83' lang='lat' dir='ltr'><strong><em>rint,</em></strong></span> <span class='ocrx_word' id='word_1_243' title='bbox 341 3172 449 3228; x_wconf 79' lang='lat' dir='ltr'><strong><em>‚nemo</em></strong></span> <span class='ocrx_word' id='word_1_244' title='bbox 464 3147 633 3232; x_wconf 81' lang='lat' dir='ltr'><strong><em>intelligit,</em></strong></span> <span class='ocrx_word' id='word_1_245' title='bbox 654 3169 760 3232; x_wconf 92' lang='lat' dir='ltr'><strong><em>neque</em></strong></span> <span class='ocrx_word' id='word_1_246' title='bbox 775 3148 946 3234; x_wconf 89' lang='lat' dir='ltr'><strong><em>utriusque</em></strong></span> <span class='ocrx_word' id='word_1_247' title='bbox 984 3148 1086 3213; x_wconf 89' lang='lat' dir='ltr'><strong><em>enoris</em></strong></span> <span class='ocrx_word' id='word_1_248' title='bbox 1101 3150 1288 3235; x_wconf 87' lang='lat' dir='ltr'><strong><em>interroga-</em></strong></span> 
     </span>
     <span class='ocr_line' id='line_1_34' title="bbox 240 3231 1288 3318; baseline -0.003 -17"><span class='ocrx_word' id='word_1_249' title='bbox 240 3237 349 3304; x_wconf 81' lang='lat' dir='ltr'><strong><em>tiones</em></strong></span> <span class='ocrx_word' id='word_1_250' title='bbox 361 3235 405 3310; x_wconf 85' lang='lat' dir='ltr'><strong><em>ab</em></strong></span> <span class='ocrx_word' id='word_1_251' title='bbox 421 3233 571 3296; x_wconf 85' lang='lat' dir='ltr'><strong><em>universa</em></strong></span> <span class='ocrx_word' id='word_1_252' title='bbox 586 3231 699 3318; x_wconf 85' lang='lat' dir='ltr'><strong><em>regula</em></strong></span> <span class='ocrx_word' id='word_1_253' title='bbox 716 3232 898 3296; x_wconf 90' lang='lat' dir='ltr'><strong><em>discedunt.</em></strong></span> <span class='ocrx_word' id='word_1_254' title='bbox 978 3257 1014 3298; x_wconf 87' lang='lat' dir='ltr'><strong><em>ec</em></strong></span> <span class='ocrx_word' id='word_1_255' title='bbox 1030 3233 1118 3298; x_wconf 90' lang='lat' dir='ltr'><strong><em>enim</em></strong></span> <span class='ocrx_word' id='word_1_256' title='bbox 1133 3235 1168 3297; x_wconf 92' lang='lat' dir='ltr'><strong><em>in</em></strong></span> <span class='ocrx_word' id='word_1_257' title='bbox 1184 3258 1288 3298; x_wconf 83' lang='lat' dir='ltr'><strong><em>necue</em></strong></span> 
     </span>
     <span class='ocr_line' id='line_1_35' title="bbox 239 3309 1288 3407; baseline -0.002 -21"><span class='ocrx_word' id='word_1_258' title='bbox 239 3341 311 3386; x_wconf 88' lang='lat' dir='ltr'><strong><em>non</em></strong></span> <span class='ocrx_word' id='word_1_259' title='bbox 329 3317 552 3405; x_wconf 86' lang='lat' dir='ltr'><strong><em>disiunctivam</em></strong></span> <span class='ocrx_word' id='word_1_260' title='bbox 567 3326 767 3403; x_wconf 49' lang='lat' dir='ltr'><strong><em>potestatem.</em></strong></span> <span class='ocrx_word' id='word_1_261' title='bbox 780 3309 888 3394; x_wconf 88' lang='lat' dir='ltr'><strong><em>habet,</em></strong></span> <span class='ocrx_word' id='word_1_262' title='bbox 905 3319 961 3384; x_wconf 90' lang='lat' dir='ltr'><strong><em>sed</em></strong></span> <span class='ocrx_word' id='word_1_263' title='bbox 977 3319 1211 3407; x_wconf 83' lang='lat' dir='ltr'><strong><em>copulativam,</em></strong></span> <span class='ocrx_word' id='word_1_264' title='bbox 1231 3343 1288 3384; x_wconf 91' lang='lat' dir='ltr'><strong><em>eo·</em></strong></span> 
     </span>
     <span class='ocr_line' id='line_1_36' title="bbox 241 3399 1288 3492; baseline 0 -22"><span class='ocrx_word' id='word_1_265' title='bbox 241 3425 313 3492; x_wconf 80' lang='lat' dir='ltr'><strong><em>que,</em></strong></span> <span class='ocrx_word' id='word_1_266' title='bbox 323 3405 435 3490; x_wconf 92' lang='lat' dir='ltr'><strong><em>posito</em></strong></span> <span class='ocrx_word' id='word_1_267' title='bbox 455 3403 672 3484; x_wconf 49' lang='lat' dir='ltr'><strong><em>,continuatur</em></strong></span> <span class='ocrx_word' id='word_1_268' title='bbox 690 3425 755 3467; x_wconf 87' lang='lat' dir='ltr'><strong><em>una</em></strong></span> <span class='ocrx_word' id='word_1_269' title='bbox 783 3399 929 3489; x_wconf 82' lang='lat' dir='ltr'><strong><em>quaestio</em></strong></span> <span class='ocrx_word' id='word_1_270' title='bbox 951 3424 1012 3491; x_wconf 88' lang='lat' dir='ltr'><strong><em>per</em></strong></span> <span class='ocrx_word' id='word_1_271' title='bbox 1042 3403 1203 3470; x_wconf 87' lang='lat' dir='ltr'><strong><em>adiectam</em></strong></span> <span class='ocrx_word' id='word_1_272' title='bbox 1227 3429 1288 3470; x_wconf 90' lang='lat' dir='ltr'><strong><em>ne-</em></strong></span> 
     </span>
     <span class='ocr_line' id='line_1_37' title="bbox 239 3487 1288 3577; baseline 0.002 -25"><span class='ocrx_word' id='word_1_273' title='bbox 239 3490 425 3577; x_wconf 84' lang='lat' dir='ltr'><strong><em>gationem:</em></strong></span> <span class='ocrx_word' id='word_1_274' title='bbox 448 3487 548 3554; x_wconf 90' lang='lat' dir='ltr'><strong><em>veluti</em></strong></span> <span class='ocrx_word' id='word_1_275' title='bbox 564 3508 667 3574; x_wconf 88' lang='lat' dir='ltr'><strong><em>quum</em></strong></span> <span class='ocrx_word' id='word_1_276' title='bbox 684 3511 815 3575; x_wconf 89' lang='lat' dir='ltr'><strong><em>quaero,</em></strong></span> <span class='ocrx_word' id='word_1_277' title='bbox 829 3487 909 3552; x_wconf 90' lang='lat' dir='ltr'><strong><em>illud</em></strong></span> <span class='ocrx_word' id='word_1_278' title='bbox 931 3487 989 3553; x_wconf 86' lang='lat' dir='ltr'><strong><em>fiat</em></strong></span> <span class='ocrx_word' id='word_1_279' title='bbox 1007 3510 1110 3554; x_wconf 85' lang='lat' dir='ltr'><strong><em>necne</em></strong></span> <span class='ocrx_word' id='word_1_280' title='bbox 1125 3488 1200 3572; x_wconf 84' lang='lat' dir='ltr'><strong><em>fiat,</em></strong></span> <span class='ocrx_word' id='word_1_281' title='bbox 1222 3491 1288 3554; x_wconf 92' lang='lat' dir='ltr'><strong><em>duo</em></strong></span> 
     </span>
     <span class='ocr_line' id='line_1_38' title="bbox 241 3571 1288 3672; baseline 0.003 -35"><span class='ocrx_word' id='word_1_282' title='bbox 241 3573 572 3672; x_wconf 83' lang='lat' dir='ltr'><strong><em>comprehenduntur</em></strong></span> <span class='ocrx_word' id='word_1_283' title='bbox 588 3594 655 3636; x_wconf 90' lang='lat' dir='ltr'><strong><em>uno</em></strong></span> <span class='ocrx_word' id='word_1_284' title='bbox 672 3573 825 3653; x_wconf 88' lang='lat' dir='ltr'><strong><em>nomine,</em></strong></span> <span class='ocrx_word' id='word_1_285' title='bbox 857 3571 929 3638; x_wconf 90' lang='lat' dir='ltr'><strong><em>fieri</em></strong></span> <span class='ocrx_word' id='word_1_286' title='bbox 952 3583 984 3640; x_wconf 85' lang='lat' dir='ltr'><strong><em>et</em></strong></span> <span class='ocrx_word' id='word_1_287' title='bbox 1007 3597 1078 3659; x_wconf 77' lang='lat' dir='ltr'><strong><em>non</em></strong></span> <span class='ocrx_word' id='word_1_288' title='bbox 1093 3573 1167 3640; x_wconf 87' lang='lat' dir='ltr'><strong><em>fieri</em></strong></span> <span class='ocrx_word' id='word_1_289' title='bbox 1185 3598 1288 3662; x_wconf 87' lang='lat' dir='ltr'><strong><em>aeque</em></strong></span> 
     </span>
    </p>
   </div>
   <div class='ocr_carea' id='block_1_11' title="bbox 87 3639 1287 3757">
    <p class='ocr_par' dir='ltr' id='par_1_14' title="bbox 87 3639 1287 3757">
     <span class='ocr_line' id='line_1_39' title="bbox 87 3639 1287 3757; baseline 0.002 -35"><span class='ocrx_word' id='word_1_290' title='bbox 87 3639 90 3646; x_wconf 33' lang='lat'><strong><em>⁴</em></strong></span> <span class='ocrx_word' id='word_1_291' title='bbox 155 3711 167 3728; x_wconf 63' lang='lat'>„</span> <span class='ocrx_word' id='word_1_292' title='bbox 238 3669 273 3722; x_wconf 88' lang='lat' dir='ltr'><strong><em>et</em></strong></span> <span class='ocrx_word' id='word_1_293' title='bbox 285 3660 385 3724; x_wconf 88' lang='lat' dir='ltr'><strong><em>sunul</em></strong></span> <span class='ocrx_word' id='word_1_294' title='bbox 402 3657 537 3723; x_wconf 90' lang='lat' dir='ltr'><strong><em>dubium</em></strong></span> <span class='ocrx_word' id='word_1_295' title='bbox 550 3677 635 3721; x_wconf 88' lang='lat' dir='ltr'><strong><em>esse.</em></strong></span> <span class='ocrx_word' id='word_1_296' title='bbox 677 3657 743 3722; x_wconf 88' lang='lat' dir='ltr'><strong><em>Vbi</em></strong></span> <span class='ocrx_word' id='word_1_297' title='bbox 758 3666 869 3722; x_wconf 90' lang='lat' dir='ltr'><strong><em>autem</em></strong></span> <span class='ocrx_word' id='word_1_298' title='bbox 885 3659 1053 3757; x_wconf 83' lang='lat' dir='ltr'><strong><em>oppositio</em></strong></span> <span class='ocrx_word' id='word_1_299' title='bbox 1070 3663 1229 3724; x_wconf 85' lang='lat' dir='ltr'><strong><em>contrarii</em></strong></span> <span class='ocrx_word' id='word_1_300' title='bbox 1239 3660 1287 3741; x_wconf 81' lang='lat' dir='ltr'><strong><em>fit,</em></strong></span> 
     </span>
    </p>
   </div>
   <div class='ocr_carea' id='block_1_12' title="bbox 145 3743 1335 4282">
    <p class='ocr_par' dir='ltr' id='par_1_15' title="bbox 145 3743 1335 4282">
     <span class='ocr_line' id='line_1_40' title="bbox 207 3743 1335 3832; baseline 0.003 -24"><span class='ocrx_word' id='word_1_301' title='bbox 207 3745 208 3748; x_wconf 67' lang='grc'>’</span> <span class='ocrx_word' id='word_1_302' title='bbox 238 3753 272 3808; x_wconf 92' lang='lat' dir='ltr'><strong><em>et</em></strong></span> <span class='ocrx_word' id='word_1_303' title='bbox 288 3743 528 3808; x_wconf 68' lang='lat' dir='ltr'><strong><em>disiunctionis&#39;</em></strong></span> <span class='ocrx_word' id='word_1_304' title='bbox 542 3745 669 3806; x_wconf 89' lang='lat' dir='ltr'><strong><em>ratione</em></strong></span> <span class='ocrx_word' id='word_1_305' title='bbox 692 3765 744 3807; x_wconf 90' lang='lat' dir='ltr'><strong><em>res</em></strong></span> <span class='ocrx_word' id='word_1_306' title='bbox 762 3752 917 3832; x_wconf 85' lang='lat' dir='ltr'><strong><em>negatur,</em></strong></span> <span class='ocrx_word' id='word_1_307' title='bbox 944 3767 1015 3810; x_wconf 78' lang='lat' dir='ltr'><strong><em>sive</em></strong></span> <span class='ocrx_word' id='word_1_308' title='bbox 1031 3746 1187 3810; x_wconf 84' lang='lat' dir='ltr'><strong><em>notiones</em></strong></span> <span class='ocrx_word' id='word_1_309' title='bbox 1204 3747 1292 3817; x_wconf 55' lang='lat' dir='ltr'><strong><em>sime</em></strong></span> <span class='ocrx_word' id='word_1_310' title='bbox 1333 3767 1335 3772; x_wconf 78' lang='grc'>’</span> 
     </span>
     <span class='ocr_line' id='line_1_41' title="bbox 223 3827 1286 3918; baseline 0.006 -30"><span class='ocrx_word' id='word_1_311' title='bbox 223 3827 367 3918; x_wconf 85' lang='lat' dir='ltr'><strong><em>pliciter</em></strong></span> <span class='ocrx_word' id='word_1_312' title='bbox 382 3838 615 3916; x_wconf 86' lang='lat' dir='ltr'><strong><em>opponuntur,</em></strong></span> <span class='ocrx_word' id='word_1_313' title='bbox 638 3851 711 3892; x_wconf 87' lang='lat' dir='ltr'><strong><em>rem</em></strong></span> <span class='ocrx_word' id='word_1_314' title='bbox 731 3851 800 3893; x_wconf 88' lang='lat' dir='ltr'><strong><em>esse</em></strong></span> <span class='ocrx_word' id='word_1_315' title='bbox 817 3847 871 3900; x_wconf 90' lang='lat' dir='ltr'><strong><em>aut</em></strong></span> <span class='ocrx_word' id='word_1_316' title='bbox 888 3832 958 3894; x_wconf 89' lang='lat' dir='ltr'><strong><em>non</em></strong></span> <span class='ocrx_word' id='word_1_317' title='bbox 974 3853 1062 3907; x_wconf 89' lang='lat' dir='ltr'><strong><em>esse,</em></strong></span> <span class='ocrx_word' id='word_1_318' title='bbox 1092 3832 1160 3898; x_wconf 89' lang='lat' dir='ltr'><strong><em>sive</em></strong></span> <span class='ocrx_word' id='word_1_319' title='bbox 1185 3832 1286 3896; x_wconf 85' lang='lat' dir='ltr'><strong><em>altera</em></strong></span> 
     </span>
     <span class='ocr_line' id='line_1_42' title="bbox 237 3912 1286 4004; baseline 0.006 -28"><span class='ocrx_word' id='word_1_320' title='bbox 237 3935 314 4004; x_wconf 89' lang='lat' dir='ltr'><strong><em>pars</em></strong></span> <span class='ocrx_word' id='word_1_321' title='bbox 332 3913 492 4000; x_wconf 87' lang='lat' dir='ltr'><strong><em>maiorem</em></strong></span> <span class='ocrx_word' id='word_1_322' title='bbox 513 3912 640 4000; x_wconf 75' lang='lat' dir='ltr'><strong><em>recipit</em></strong></span> <span class='ocrx_word' id='word_1_323' title='bbox 654 3913 939 4001; x_wconf 88' lang='lat' dir='ltr'><strong><em>probabilitatem,</em></strong></span> <span class='ocrx_word' id='word_1_324' title='bbox 967 3939 1040 3980; x_wconf 91' lang='lat' dir='ltr'><strong><em>rem</em></strong></span> <span class='ocrx_word' id='word_1_325' title='bbox 1058 3938 1127 3981; x_wconf 91' lang='lat' dir='ltr'><strong><em>esse</em></strong></span> <span class='ocrx_word' id='word_1_326' title='bbox 1144 3927 1201 3980; x_wconf 91' lang='lat' dir='ltr'><strong><em>aut</em></strong></span> <span class='ocrx_word' id='word_1_327' title='bbox 1219 3941 1286 4004; x_wconf 91' lang='lat' dir='ltr'><strong><em>po-</em></strong></span> 
     </span>
     <span class='ocr_line' id='line_1_43' title="bbox 235 3997 1286 4082; baseline 0.002 -20"><span class='ocrx_word' id='word_1_328' title='bbox 235 4000 300 4064; x_wconf 91' lang='lat' dir='ltr'><strong><em>tius</em></strong></span> <span class='ocrx_word' id='word_1_329' title='bbox 315 4021 383 4062; x_wconf 93' lang='lat' dir='ltr'><strong><em>non</em></strong></span> <span class='ocrx_word' id='word_1_330' title='bbox 399 4019 479 4078; x_wconf 88' lang='lat' dir='ltr'><strong><em>esse,</em></strong></span> <span class='ocrx_word' id='word_1_331' title='bbox 501 3997 647 4062; x_wconf 88' lang='lat' dir='ltr'><strong><em>dicamus</em></strong></span> <span class='ocrx_word' id='word_1_332' title='bbox 663 4013 711 4062; x_wconf 83' lang='grc' dir='ltr'><strong><em>ιιιι</em></strong></span> <span class='ocrx_word' id='word_1_333' title='bbox 725 4023 804 4080; x_wconf 83' lang='lat' dir='ltr'><strong><em>nore,</em></strong></span> <span class='ocrx_word' id='word_1_334' title='bbox 820 4001 843 4064; x_wconf 90' lang='lat' dir='ltr'><strong><em>i.</em></strong></span> <span class='ocrx_word' id='word_1_335' title='bbox 862 4023 890 4066; x_wconf 91' lang='lat' dir='ltr'><strong><em>e.</em></strong></span> <span class='ocrx_word' id='word_1_336' title='bbox 908 4012 970 4064; x_wconf 84' lang='lat' dir='ltr'><strong><em>aut</em></strong></span> <span class='ocrx_word' id='word_1_337' title='bbox 984 4025 1064 4082; x_wconf 84' lang='lat' dir='ltr'><strong><em>non,</em></strong></span> <span class='ocrx_word' id='word_1_338' title='bbox 1076 4023 1211 4067; x_wconf 88' lang='lat' dir='ltr'><strong><em>necesse</em></strong></span> <span class='ocrx_word' id='word_1_339' title='bbox 1228 4013 1286 4066; x_wconf 88' lang='lat' dir='ltr'><strong><em>est.</em></strong></span> 
     </span>
     <span class='ocr_line' id='line_1_44' title="bbox 239 4082 1286 4176; baseline 0.006 -30"><span class='ocrx_word' id='word_1_340' title='bbox 239 4084 368 4163; x_wconf 88' lang='lat' dir='ltr'><strong><em>Quibus</em></strong></span> <span class='ocrx_word' id='word_1_341' title='bbox 384 4089 520 4160; x_wconf 85' lang='lat' dir='ltr'><strong><em>emnem</em></strong></span> <span class='ocrx_word' id='word_1_342' title='bbox 543 4082 640 4151; x_wconf 90' lang='lat' dir='ltr'><strong><em>huius</em></strong></span> <span class='ocrx_word' id='word_1_343' title='bbox 660 4083 861 4170; x_wconf 88' lang='lat' dir='ltr'><strong><em>loquutionis</em></strong></span> <span class='ocrx_word' id='word_1_344' title='bbox 875 4087 1114 4174; x_wconf 87' lang='lat' dir='ltr'><strong><em>proprietatem</em></strong></span> <span class='ocrx_word' id='word_1_345' title='bbox 1131 4089 1286 4176; x_wconf 90' lang='lat' dir='ltr'><strong><em>comple·</em></strong></span> 
     </span>
     <span class='ocr_line' id='line_1_45' title="bbox 145 4169 1284 4282; baseline 0.006 -51"><span class='ocrx_word' id='word_1_346' title='bbox 145 4179 169 4231; x_wconf 63' lang='lat' dir='ltr'><strong><em>a*</em></strong></span> <span class='ocrx_word' id='word_1_347' title='bbox 235 4171 367 4237; x_wconf 87' lang='lat' dir='ltr'><strong><em>ctimur.</em></strong></span> <span class='ocrx_word' id='word_1_348' title='bbox 400 4169 459 4238; x_wconf 85' lang='lat' dir='ltr'><strong><em>Illa</em></strong></span> <span class='ocrx_word' id='word_1_349' title='bbox 470 4169 571 4265; x_wconf 66' lang='lat' dir='ltr'><strong><em>igitur</em></strong></span> <span class='ocrx_word' id='word_1_350' title='bbox 584 4170 819 4258; x_wconf 86' lang='lat' dir='ltr'><strong><em>interrogatio,</em></strong></span> <span class='ocrx_word' id='word_1_351' title='bbox 838 4172 973 4260; x_wconf 87' lang='lat' dir='ltr'><strong><em>inqua,</em></strong></span> <span class='ocrx_word' id='word_1_352' title='bbox 993 4181 1032 4238; x_wconf 92' lang='lat' dir='ltr'><strong><em>ut</em></strong></span> <span class='ocrx_word' id='word_1_353' title='bbox 1046 4170 1284 4282; x_wconf 73' lang='lat' dir='ltr'><strong><em>demonstran,</em></strong></span> 
     </span>
    </p>
   </div>
   <div class='ocr_carea' id='block_1_13' title="bbox 0 0 1384 4748">
    <p class='ocr_par' dir='ltr' id='par_1_16' title="bbox 0 0 1384 4748">
     <span class='ocr_line' id='line_1_46' title="bbox 0 0 1384 4748; baseline 0 4"><span class='ocrx_word' id='word_1_354' title='bbox 0 0 1384 4748; x_wconf 95' lang='lat' dir='ltr'><strong><em> </em></strong></span> 
     </span>
    </p>
   </div>
  </div>
 </body>
</html>
