2784 4746
210 223 310 344 15ss
412 368 414 376 y
562 267 566 276 ’
674 267 833 368 nunus.
944 211 953 228 ⁸

208 435 352 494 tractum
367 422 528 509 temporis
545 426 794 520 persequimur,
814 426 849 488 in
866 422 925 488 illo
944 434 1054 490 autem
1066 435 1267 492 extremum

209 509 388 606 praesentis
410 519 574 594 temporrs
596 522 758 596 punctum
782 510 1117 598 comprehendimus:
1141 535 1268 599 quam-

211 622 312 688 quem
333 590 551 682 negligentior
574 615 669 674 usus,
702 597 751 659 uti
768 619 829 660 suo
846 595 925 659 loeo
945 595 1268 681 demonstrabimus,

209 684 376 753 interdtun
401 679 480 743 haec
502 677 688 744 confundit.
732 681 783 746 An
797 703 875 746 vero
888 679 1091 747 Goerenzius
1108 683 1160 764 iis,
1181 685 1293 770 quae·-

198 773 248 838 md
260 767 453 836 CiedeFin.
464 787 499 852 p.
509 765 582 829 549.
593 760 830 843 animadvortit,
848 767 1030 854 quidquam
1046 769 1268 856 depositione

209 857 306 922 huius
332 851 423 919 verbi
447 851 647 916 constituere
670 853 811 918 voluerit
833 853 959 918 nescio.
992 853 1079 917 Nam
1097 855 1264 944 exemplis

211 940 366 1008 omnibus
384 937 599 1024 comparetis,
627 959 790 1026 nusquam
808 947 945 1026 apparet
961 939 1163 1026 proprietas.

215 1049 217 1060 ¹
311 1063 417 1114 Lueret.
435 1053 460 1122 5,
480 1043 539 1110 3711.
566 1076 652 1130 neque
670 1062 744 1114 enim
762 1055 876 1112 mortali
893 1064 1009 1129 corpore
1028 1079 1099 1132 quae
1119 1070 1201 1124 sunt,
1230 1079 1268 1114 ex

277 1143 397 1218 infinito
418 1148 474 1198 iam
500 1157 624 1211 tempore
642 1143 733 1198 adhuc
749 1148 906 1216 potuissent
925 1149 1052 1200 immensi
1068 1141 1182 1198 validas
1199 1149 1268 1200 aevi

279 1245 452 1305 rontemnere
477 1229 568 1282 vireis·
587 1226 622 1290 5,
654 1229 729 1282 1026.
764 1249 814 1284 nee
835 1235 975 1300 potuisset
1001 1231 1093 1284 adhue
1115 1229 1269 1300 perducere

170 1300 175 1314 Β
259 1317 371 1374 'saecla
387 1303 534 1387 propage.
562 1314 607 1364 nbi
635 1315 756 1385 displicet
783 1317 884 1380 Gifsnit
909 1317 1062 1369 coniectura
1078 1313 1118 1368 ad
1145 1311 1214 1367 haec
1233 1333 1267 1384 p.

217 1432 226 1442 ··
278 1403 380 1460 saecla.
410 1401 495 1452 etant.
522 1402 592 1452 Pers.
608 1397 642 1466 4,
665 1397 700 1462 4,
729 1399 772 1452 78.
801 1399 874 1455 nihil
897 1401 989 1457 adhue
1012 1391 1140 1473 peccavit
1166 1403 1267 1454 etiam.
1295 1403 1301 1410 ”

277 1495 358 1546 Mero.
380 1487 413 1550 2,
436 1484 471 1548 S,
497 1481 541 1539 48.
568 1506 611 1540 rer
635 1487 726 1540 adhuc
752 1487 862 1560 quidem
886 1485 976 1541 ltercle
1003 1485 1032 1538 in
1062 1482 1172 1536 tuto'st.
1206 1485 1265 1536 Cic.

93 1575 104 1586 “
199 1616 203 1628 .
278 1581 311 1631 de
329 1577 387 1628 Fin.
413 1572 445 1638 5,
462 1573 499 1638 6,
523 1573 566 1629 16.
595 1571 645 1627 ille
664 1575 750 1644 igitur
766 1573 855 1638 vidit,
875 1593 931 1628 non
950 1572 1033 1625 modo
1052 1578 1121 1642 quot
1131 1563 1267 1638 fuissent

276 1661 368 1718 adhuc
388 1653 624 1737 philosophorum
653 1656 688 1710 de
712 1676 818 1711 summo
844 1653 933 1724 bono',
975 1655 1023 1711 ted
1051 1666 1118 1728 quot
1146 1659 1264 1710 omnino

246 1792 250 1801 .
277 1760 338 1804 este
363 1751 479 1814 possent
496 1744 659 1798 sententiae.
699 1743 828 1796 adestis.
844 1743 925 1811 5,20.
949 1743 1063 1796 nunnus
1081 1742 1179 1802 rebus,
1195 1759 1265 1810 quae

192 1885 196 1892 .
279 1831 446 1884 arefactae
473 1840 567 1892 erant,
591 1828 693 1896 pergite
709 1825 777 1880 liaeo
793 1827 900 1884 adhesi
925 1827 976 1896 red
994 1828 1033 1883 ad
1052 1834 1204 1900 praeterita
1221 1848 1280 1882 re··

277 1926 425 1972 vertantur.
447 1914 465 1965 i.
480 1936 503 1968 e.
520 1915 585 1966 haee
603 1913 637 1964 nd
653 1913 705 1964 hoe
722 1925 802 1981 usque
820 1925 921 1985 tempus
941 1923 1000 1967 acta
1013 1925 1081 1967 sunt.
1113 1913 1149 1965 ad
1164 1917 1218 1968 Ara
1234 1913 1263 1979 7,

276 2003 318 2056 12.
338 2013 421 2052 unam
435 1997 527 2050 adhue
542 2017 560 2049 a
578 2007 605 2050 te
619 1997 771 2066 epistolam
783 2019 949 2072 acceperam·
968 2001 996 2051 in
1011 2003 1089 2054 Verr.
1103 1997 1129 2063 8,
1146 1995 1263 2062 84,194.

276 2082 432 2156 improbum
444 2080 578 2154 facinus,
611 2080 851 2153 eonferendum,
879 2087 983 2152 nernini
1007 2083 1068 2156 lege
1092 2100 1262 2148 conoessum,

279 2173 330 2230 sed
341 2167 474 2242 sortasse
492 2169 584 2224 addus
603 2169 632 2220 in
647 2169 726 2222 nullo
743 2175 829 2226 etiam
843 2173 1026 2226 vindicatum.
1056 2169 1091 2220 ad
1105 2172 1160 2234 Att-
1172 2167 1199 2234 3,
1218 2170 1263 2224 14.

185 2293 191 2308 =
276 2281 332 2317 non
357 2258 493 2314 eornmovi
520 2275 563 2310 me
586 2254 677 2309 adhue
703 2247 924 2314 Thessalonica:
944 2257 994 2312 sed
1008 2257 1065 2309 iem
1079 2256 1270 2310 extrudimarr
1373 2311 1378 2318 ¹

278 2352 313 2401 cf.
330 2350 363 2401 de
380 2344 439 2395 Fin.
456 2340 481 2405 5,
500 2340 542 2404 17,
557 2339 601 2393 46.
619 2342 651 2394 de
665 2345 736 2411 Lege
757 2362 811 2412 agr.
833 2343 867 2408 3,
887 2343 911 2405 1,
931 2343 955 2394 1.
985 2341 1030 2393 ubt
1048 2341 1126 2393 etiam
1146 2353 1263 2396 nuncet

156 2441 165 2450 '
276 2439 333 2488 iam
353 2437 532 2498 opponuntur.
555 2430 654 2477 Seneca
675 2429 785 2480 Medeae
810 2427 870 2480 904.
891 2427 1029 2500 quidquid
1046 2427 1198 2480 admissam
1216 2439 1263 2481 est

276 2514 384 2577 adhuc,
408 2513 501 2581 pietas
519 2523 639 2566 vocetur.
667 2513 738 2562 Gurt.
757 2511 826 2576 7‚7,
845 2511 886 2562 15.
913 2511 1005 2564 multa
1022 2517 1053 2566 in
1070 2516 1263 2582 nosmetipsos·

274 2597 412 2660 recident,
447 2593 547 2670 quibus
564 2595 655 2648 adnue
671 2597 796 2650 vicimus.
812 2597 897 2650 Tacit.
915 2602 977 2666 Agr.
992 2597 1037 2655 87·
1058 2599 1188 2655 Britanni
1209 2600 1262 2670 qui

273 2684 364 2740 adhue
378 2695 489 2756 pugnae
503 2692 640 2753 expertes.
659 2676 732 2734 nist:
742 2678 769 2746 4,
786 2677 830 2738 42.

125 2779 126 2784 ἵ
228 2783 232 2798 “
289 2787 453 2875 Exempla
477 2787 606 2866 eutem,
630 2785 666 2849 in
682 2775 800 2872 quibus
819 2775 981 2874 temporis
997 2785 1092 2850 notio
1111 2781 1261 2872 simplex

207 2885 241 2941 et
264 2868 348 2961 pura
365 2873 580 2960 exprimitur,
602 2893 672 2935 non
688 2881 758 2934 tam
774 2870 959 2958 frequentia
974 2883 1070 2952 sunt,
1091 2891 1191 2956 quam
1207 2893 1261 2950 ea,

144 3003 148 3013 ·
206 2963 242 3026 in
266 2954 384 3047 quibus
410 2959 557 3022 admixta
584 2967 633 3021 eet
656 2958 882 3022 continuitatis
899 2967 931 3021 et
942 2955 1170 3044 perpetuitatis
1187 2975 1262 3018 no-

112 3052 133 3065 “”
204 3049 266 3111 tio.
304 3045 424 3109 Sensus
448 3045 549 3132 igitur
565 3064 618 3105 see
645 3051 726 3105 eost
743 3042 903 3106 continuo
919 3043 1096 3128 luteosque.
1135 3040 1259 3105 Cicero

206 3133 248 3196 de
265 3129 358 3195 Oret.
378 3136 415 3210 1,
433 3135 492 3207 26,
511 3132 583 3192 119.
623 3127 686 3190 ixit
706 3124 819 3191 adhue
838 3149 981 3216 semper,
1013 3136 1047 3192 et
1064 3127 1105 3192 de
1120 3125 1205 3214 Rep.
1221 3131 1260 3210 2,

182 3217 258 3284 ⁸20.
283 3237 385 3301 usque
407 3211 531 3278 adhue.
1200 3229 1203 3240 ’

304 3333 413 3388 Terent.
439 3333 544 3386 Phorm.
558 3327 594 3395 6,
619 3328 653 3395 7,
670 3320 718 3381 to.
746 3335 960 3404 quantaqttanta
976 3331 1043 3388 liare
1057 3351 1119 3387 mea
1133 3344 1260 3403 pauper·

272 3428 317 3472 tar
333 3405 395 3500 pit,
417 3428 517 3493 ¹tannen
533 3415 624 3470 adbuc
645 3419 741 3470 curavi
760 3432 844 3469 unum
864 3415 916 3470 lior
931 3417 1052 3490 quidem,
1071 3428 1104 3474 rat
1121 3415 1191 3472 milri
1212 3435 1261 3471 es·

270 3515 312 3559 set
326 3499 422 3574 fidet.
445 3503 464 3554 i.
478 3521 501 3553 e.
520 3511 658 3570 perpetuo.
691 3504 810 3552 Donatus
828 3500 931 3554 scilieet
949 3504 1030 3556 haee:
1048 3505 1088 3574 τῷ
1106 3499 1259 3572 ἄρχαϊσμῷ

160 3633 164 3640 .
272 3591 389 3646 addidit
406 3586 533 3650 adhue,
552 3605 635 3659 quum
650 3587 791 3656 potuisset
805 3587 865 3641 sine
879 3586 931 3641 lide
947 3593 1054 3661 integer
1068 3605 1164 3642 sensus
1183 3605 1260 3642 esse.

272 3676 320 3728 eed
333 3691 477 3744 perperam.
493 3674 587 3724 Heaut.
602 3671 637 3734 4,
655 3669 748 3735 ΗΟ.
766 3668 901 3724 celabitur
915 3673 1022 3727 itidem.
1043 3685 1075 3724 ut
1093 3671 1184 3726 relata
1202 3670 1260 3725 ad·

235 3819 243 3828 ,
270 3741 391 3816 ruent.
414 3758 525 3827 Adelph.
539 3754 575 3820 4,
592 3753 626 3820 4,
645 3754 686 3808 11.
707 3754 773 3822 (13).
791 3755 825 3807 ds
841 3773 893 3826 quo
911 3758 972 3810 1000
991 3758 1044 3810 vid.
1062 3754 1166 3810 ostensi
1184 3757 1259 3812 col-

152 3842 166 3854 ‘
270 3843 409 3896 loommin
425 3847 529 3896 Lueret.
549 3862 574 3911 p.
591 3841 617 3893 7.
638 3842 692 3892 Cic.
706 3841 740 3891 ad
755 3842 826 3892 Fam.
839 3839 866 3906 6,
887 3839 921 3894 14
945 3841 1009 3912 (15),
1028 3841 1057 3894 6.·
1078 3861 1166 3917 neque
1184 3842 1261 3898 Gae-

268 3932 328 3982 eart'
343 3927 452 3994 solunt,
473 3928 523 3982 rerl
540 3931 625 3982 etiam
643 3929 742 3979 amieis
759 3929 819 3980 einr
836 3925 977 3990 omnibus,
1008 3947 1079 4000 quos
1095 3928 1167 3982 milri
1181 3934 1260 3986 ami·

258 4016 398 4068 minimae
415 4031 475 4066 esse
488 4015 625 4084 cognovi,
650 4027 703 4080 pro
719 4021 768 4076 te,
790 4014 862 4064 sieut
876 4011 966 4067 aditur
982 4009 1050 4082 feei,
1068 4012 1271 4070 libentissime

270 4094 447 4170 supplicabo.
481 4101 512 4149 In
536 4097 589 4148 Cic.
611 4095 644 4145 de
661 4099 734 4146 Orat.
751 4096 782 4162 1,
799 4095 842 4165 26,
861 4095 920 4156 119.
939 4097 1014 4168 quod
1032 4098 1126 4154 aditus
1143 4117 1257 4172 semper
1335 4105 1341 4114 ’
