2726 4746
497 337 662 431 nuovo.
703 339 769 405 ic.
1083 290 1160 410 ιιι
1255 315 1262 324 ’

118 501 128 512 '
173 497 253 557 cuius
271 496 356 552 modo
381 497 549 570 mentionem
565 479 645 566 jeci,
674 489 701 546 si
723 489 802 546 nulla
827 511 870 550 res
888 494 1036 566 impediat,
1066 519 1146 554 nemo

112 591 119 600 '
174 597 234 648 est,
254 589 302 656 qui
322 603 378 644 nou
396 601 429 637 eo
448 581 682 653 quoiconsuevih
712 577 842 647 libentius
859 590 1148 656 utaturquamintra·

171 665 247 724 itata
265 681 292 724 et
306 687 389 722 novo.
408 669 526 734 Vu:lgo
545 669 632 736 atqui.
651 665 721 734 quod
737 675 810 717 esset
823 685 879 717 nun
898 665 981 720 aber.-
1005 671 1148 746 requiritur

171 766 256 809 autern
272 756 329 810 unul
348 769 388 806 so
395 753 502 828 Quod
517 751 686 806 Gernltardus
703 768 787 819 nuper
803 747 886 802 edidit
904 757 971 824 quin
989 759 1051 825 ipso
1067 773 1146 830 equo,
1217 745 1238 772 ⁴
1276 830 1280 842 ι

170 845 199 894 in
216 844 268 894 hoc
283 841 387 910 quidem
406 847 530 890 contextu
546 837 659 904 intelligi
683 837 727 888 vix
744 847 848 904 potest,
876 856 960 908 neque
977 843 1094 910 exempla
1109 845 1148 896 ibi

173 931 324 998 comparata
349 923 515 977 conveniunt.
543 923 659 1000 Μιιιιιιι
686 922 847 984 constructio
871 923 899 974 in
921 927 1008 977 verbis
1035 948 1062 982 m
1084 931 1148 1000 ipso

170 1030 240 1084 equo
257 1039 291 1054 -·
309 1029 388 1064 nemo
408 1019 466 1075 est,
488 1002 535 1080 qui
553 995 609 1060 non
627 1022 659 1060 eo
678 1017 773 1058 utatur
788 1004 885 1060 nullam
905 1005 1077 1065 offensionem
1095 1016 1147 1066 ha-

169 1099 223 1152 bet.
259 1093 312 1151 Cic.
337 1109 365 1166 p.
388 1091 466 1157 Arch·
492 1090 570 1163 p-7,
590 1089 632 1144 15.
653 1109 703 1165 ego
729 1091 832 1145 multos
857 1092 980 1148 domines
1001 1098 1149 1157 excellenti
1203 1143 1225 1162 ι,

171 1183 265 1237 αιιίιιιο
294 1202 326 1234 ac
347 1183 449 1234 virtute
467 1169 584 1246 fuisse,
610 1187 637 1230 et
660 1177 720 1231 tine
748 1177 889 1246 doctriua,
916 1183 1149 1256 naturuesipsius
1238 1224 1239 1234 1

166 1263 270 1322 'hatten
289 1269 378 1337 pr'op'e
399 1261 511 1324 divino,
530 1279 581 1332 per
599 1280 628 1314 se
652 1258 783 1330 ipsos'et
803 1262 963 1318 moderatos
989 1279 1018 1320 et
1047 1288 1149 1341 graves
1216 1331 1219 1340 ,

171 1355 312 1408 exstitisse
323 1345 434 1422 fateor.
470 1344 570 1401 Etiam
588 1345 662 1398 illud
682 1347 824 1420 adiungo,
849 1348 961 1420 saepius
980 1349 1019 1406 ud
1036 1353 1148 1414 laudem

171 1449 255 1510 etque
274 1440 406 1490 virtutem
423 1424 554 1486 naturam
569 1433 628 1485 sine
646 1431 772 1487 doctrina
791 1449 873 1516 quam
898 1439 1148 1510 sinesnatura'va·

173 1521 258 1576 luisse
275 1522 440 1588 doctrinam·
474 1519 568 1590 Atque
585 1517 658 1570 idem
683 1535 735 1589 ego
761 1519 914 1586 contendo,
939 1539 1024 1594 quum
1042 1524 1149 1584 adua·

171 1619 262 1661 turam
295 1609 424 1660 eximiam
453 1614 538 1674 atque
569 1601 705 1654 illustrem
732 1607 876 1659 accesserit
906 1610 979 1662 ratio
1011 1613 1150 1682 quaedam

172 1689 444 1780 conformatioque
446 1689 598 1742 doctrinae·
633 1687 691 1740 und
714 1705 745 1742 so
770 1686 908 1766 behaupte
934 1691 977 1746 iet
1011 1695 1148 1765 dasselbe,

178 1795 258 1830 werra
278 1788 327 1829 etc.
351 1772 396 1829 De
415 1756 480 1846 Leg.
495 1774 533 1838 .,1
552 1768 600 1840 15,
617 1767 661 1825 42.
687 1776 729 1828 ita
744 1773 800 1844 fit,
819 1785 851 1827 ιιι
876 1775 958 1830 nulla
980 1783 1018 1833 ιιι
1035 1787 1148 1838 omnino

172 1865 300 1927 iustitia,
321 1863 345 1915 sl
362 1875 448 1933 neque
465 1871 566 1913 natura
590 1869 650 1923 est,
667 1875 754 1930 eaque
771 1875 844 1932 quae
860 1873 975 1933 propter
993 1865 1148 1939 utilitatem

174 1953 359 2013 constituitur,
376 1944 502 2000 utilitate
519 1945 573 2000 illa
592 1944 767 2000 convellitur.
801 1945 894 2018 Atque
918 1949 943 1999 si
962 1961 1063 2005 natura
1087 1973 1150 2008 cou-
1233 1984 1236 1988 ·
1299 1946 1302 1952 ’

139 2025 357 2118 firmatura
347 2052 391 2088 ius
415 2051 472 2086 non
494 2036 562 2097 erit,
588 2029 706 2084 uirtutes
732 2045 827 2082 omnes
853 2029 1000 2086 tollentur.
1027 2039 1046 2092 i.
1065 2053 1089 2091 e.
1115 2043 1150 2093 Et

172 2123 245 2188 item,
263 2121 285 2170 si
303 2129 397 2170 nature
414 2137 430 2170 ιι
446 2119 503 2170 iure
520 2104 606 2170 aliena
625 2125 673 2188 est,
693 2115 805 2168 virtutes
828 2117 965 2170 tolluntur.
998 2125 1083 2191 Apud
1089 2128 1149 2178 Hc-

173 2204 397 2268 ratiumSat.1,
425 2203 474 2268 10,
502 2200 639 2254 aunum
666 2217 698 2250 ex
734 2201 916 2254 emendatione
941 2208 1054 2260 Bentleii
1078 2198 1183 2295 legi-

173 2300 216 2342 tur
234 2291 322 2361 atqui
335 2307 397 2360 ego.
432 2287 510 2351 Quod
535 2294 698 2338 correctores
727 2284 761 2335 ob
790 2287 1026 2345 contradictionem
1049 2297 1149 2348 subsfi.

142 2428 145 2431 ,
174 2385 280 2429 tuerent
299 2375 328 2426 in
345 2373 474 2443 aliquibus
496 2371 639 2424 codicibus.
671 2369 826 2436 Elegantius
844 2371 875 2423 fit
893 2377 979 2428 oratio
998 2381 1150 2434 continuata

173 2481 221 2532 per
238 2473 322 2534 atque
339 2478 407 2532 ego,
427 2475 503 2528 quam
521 2459 588 2514 bene
605 2455 677 2524 cepit
695 2455 861 2508 Wielandus.
914 2491 918 2506 .

91 2543 107 2558 “
189 2571 221 2630 3
241 2564 351 2632 Ratio
381 2560 486 2626 haec
487 2583 557 2624 non
581 2567 728 2624 mutatur
754 2556 790 2621 in
813 2563 1010 2630 narratione·
1053 2567 1091 2634 In
1114 2593 1151 2646 eu
1193 2559 1196 2570 ¹

106 2653 196 2716 enim
218 2672 279 2737 per
301 2667 421 2726 ATQVE
446 2645 657 2746 coniungitur
678 2666 730 2708 res
752 2629 799 2726 ei,
838 2667 921 2732 quae
947 2661 1038 2716 unteu
1064 2655 1151 2723 dictu
1220 2685 1246 2712 a
1307 2633 1309 2645 Ι

106 2749 164 2818 ιιι,
190 2734 332 2820 aequalis
349 2734 401 2798 vel
417 2731 667 2819 aequiparanda,
691 2740 724 2794 et
738 2749 820 2814 quae
836 2733 1027 2801 continuato
1044 2749 1151 2856 tractu
1269 2755 1274 2766 “

50 2819 53 2826 ’
107 2822 248 2912 aequulit
250 2843 285 2886 er
235 2818 466 2884 tcohuerett

210 2943 299 2996 Livius
323 2940 374 3007 39,
392 2939 443 3006 49,
460 2934 490 2990 9.
510 2955 593 3009 aegre
617 2921 811 2990 submoventes
836 2930 936 2992 obvios
962 2941 1064 3017 intrare
1087 2966 1151 3018 por·

176 3041 251 3090 tam,
284 3029 331 3100 qui
361 3021 538 3101 adducebant
572 3010 830 3093 Philopoemenem,
856 3012 1016 3094 potuerunt.
1058 3032 1098 3084 At
1118 3045 1153 3088 ue

177 3107 343 3182 confertat
345 3107 430 3162 urba
439 3109 491 3162 iter
516 3105 651 3181 reliquum
682 3101 830 3162 clauserat.
873 3105 1011 3166 Wulchius
1039 3117 1153 3170 coniecit

176 3217 278 3270 aeque,
298 3195 369 3256 cuiue
388 3195 469 3264 ipsius
487 3195 525 3246 vis
542 3191 611 3246 inest
629 3195 657 3245 in
673 3211 730 3246 voc.
749 3203 841 3266 atque·

212 3302 243 3353 In
256 3299 343 3353 Taciti
360 3296 429 3350 Hist.
443 3297 474 3361 3,
494 3294 537 3350 30.
555 3293 758 3350 restituendum:
775 3315 808 3350 ac
825 3293 917 3351 rursus
934 3317 1009 3358 noua
1027 3301 1154 3358 laborum

173 3382 277 3458 facies.
319 3385 387 3438 Nam
415 3402 504 3436 sensus
530 3387 583 3435 est:
609 3394 639 3434 ut
657 3377 691 3433 in
710 3383 801 3434 castris
822 3377 956 3452 capiendis
972 3406 1079 3456 maguus
1097 3403 1153 3444 erat
1215 3401 1225 3460 J

119 3520 120 3523 ,
178 3471 274 3532 labor,
306 3468 344 3521 ita
373 3487 441 3522 nova
471 3468 590 3522 laborum
615 3463 729 3520 facies
720 3485 749 3518 ιιι
774 3471 946 3536 oppugnanda
971 3469 1043 3525 urbe.
1092 3476 1155 3530 ond
1219 3511 1221 3520 .

177 3557 278 3614 ebenso
297 3549 346 3606 bot
363 3552 420 3606 sict
440 3573 496 3624 uun
518 3555 587 3607 neu'e
615 3549 823 3623 Setwterigkeic
849 3551 912 3606 dar.
942 3555 985 3607 Sic
1001 3557 1067 3611 Plio.
1083 3563 1194 3616 Hisc-

176 3661 204 3695 n.
221 3641 256 3706 2,
273 3635 324 3704 25,
339 3636 382 3689 23.
399 3641 429 3692 in
449 3649 545 3704 nostro
564 3641 722 3710 aevotairca
738 3632 924 3712 veneficium,
944 3659 998 3710 quo
1020 3645 1154 3701 Claudius
1209 3661 1223 3672 ·

116 3708 120 3715 ‘
183 3727 314 3804 Caesar
304 3723 449 3794 imperium
471 3723 584 3796 reliquit
610 3723 738 3778 Domitio
762 3717 887 3780 Neroieis
911 3742 947 3778 ac
962 3723 1062 3784 deinde
1079 3736 1154 3810 prin-

179 3801 277 3882 cipatu
298 3811 366 3864 eius.

214 3896 284 3946 Hinc
301 3912 378 3964 saepe
395 3911 411 3944 a
429 3890 544 3944 librariis
557 3873 657 3965 itaque
681 3890 849 3948 substitutum
868 3905 917 3952 est.
951 3896 1004 3988 tid.
1024 3853 1155 3954 Drakeub.
1176 3925 1178 3932 ·

180 3976 335 4046 educti,
354 3979 405 4064 22,
425 3976 466 4030 17.
485 3972 603 4045 40,12
622 3978 648 4031 2

166 4083 226 4154 4.
256 4081 324 4146 Νιο
344 4059 429 4169 puto
455 4103 512 4148 mc
539 4081 597 4149 ad
612 4079 728 4148 fulsum
752 4067 965 4184 subtilitatem
991 4084 1160 4171 aberrare,¹
1223 4059 1238 4070 ι’

111 4188 215 4256 quum
231 4165 306 4235 dieo
315 4215 326 4246 ,
349 4185 480 4248 nTQvE
478 4188 555 4242 ιιοιι
571 4190 725 4306 temper
722 4171 763 4240 ad
783 4172 980 4261 superiora,
994 4193 1076 4259 quat
1091 4195 1155 4243 un·
