2726 4746
160 413 161 418 ¹
233 321 306 434 iis·
409 381 445 404 v
530 399 533 402 -
605 355 745 428 “nsT.
785 357 858 472 nu.
934 393 936 412 ι

235 525 331 590 nium
354 512 500 587 ambitui
523 537 646 601 reuma
661 519 710 584 At
733 519 785 582 ita
807 519 893 582 nzilsi
912 517 1027 584 Iouem
1048 516 1195 606 deosque
1211 520 1277 584 im·

236 609 399 676 mortales
426 607 525 672 aelim
544 605 625 670 benc
640 600 785 693 secisse,
808 602 954 679 iudices,
976 615 1014 668 ut
1029 627 1093 691 ego
1104 627 1172 690 pro
1189 619 1277 671 certo

187 745 190 758 .
235 695 353 774 liabeo,
373 694 405 757 si
414 691 555 779 parvuli·
570 690 612 754 de
625 688 754 754 antbilu
771 689 975 760 iudicarent.
996 690 1052 754 At
1068 691 1278 757 coniunctio-

119 795 129 816 '
235 779 385 856 nem,ad
397 801 471 842 uero
472 776 764 866 praepositionem
774 773 933 855 scribunt,
943 771 1153 858 εὐφωνότερον
1162 789 1281 842 tamen-

237 879 303 946 est,
323 876 360 928 ut
380 863 464 928 baec
479 885 546 949 per
559 861 597 926 D
610 859 805 942 scribatur,
827 885 869 925 ne
891 859 1088 948 subsequens
1112 861 1147 926 Τ
1160 863 1277 928 littera
1353 941 1354 948 ἵ

237 951 411 1016 duriorem
425 951 540 1036 'sitique
555 947 707 1010 similem·
722 969 841 1010 sonum
862 946 999 1016 litterae
1015 947 1196 1043 amplexa,
1220 949 1276 1012 ‹li-

236 1032 454 1123 ctumsaciat
470 1033 656 1098 immitius.»
690 1032 777 1096 Haec
793 1029 893 1118 Geth.
916 1033 1050 1095 Vossius
1072 1043 1116 1096 ita
1144 1035 1277 1120 accepit,

236 1123 330 1210 quasi
339 1120 504 1185 Charisius
515 1119 780 1183 coniunctionem
800 1129 837 1181 at
856 1139 915 1204 per
930 1117 960 1182 D
976 1117 1191 1183 scribendum
1208 1121 1277 1184 cxi-

235 1210 414 1272 elimasset:
438 1225 639 1291 quamquam
664 1203 718 1266 ille
742 1203 891 1288 loquitur
915 1202 954 1268 de
976 1203 1223 1289 praepositione
1244 1207 1276 1269 in

236 1289 549 1378 compositisverbis
574 1288 739 1376 ponenda.
782 1287 847 1352 Sed
871 1287 1109 1369 vid.Quinclil.
1129 1295 1164 1370 1,
1189 1296 1226 1374 7,
1247 1294 1277 1358 5.

236 1388 269 1442 et
285 1397 367 1463 quae
381 1375 522 1440 diximus
542 1397 576 1462 p.
592 1376 645 1438 75.
818 1383 820 1388 ’
982 1427 985 1432 ,

141 1571 153 1594 Ι
318 1503 355 1567 lu
373 1501 583 1589 antiquorum
601 1501 892 1587 grammaticorum
899 1501 1081 1589 praeceptis
1096 1501 1278 1566 miscentur

236 1589 298 1655 cliii
311 1589 434 1658 amnia.
489 1587 655 1656 Charisius
677 1609 712 1672 p.
736 1593 809 1652 203.
833 1600 879 1652 at
890 1589 1124 1673 pro'antem.
1149 1603 1185 1672 p.
1206 1591 1276 1662 sol.

167 1719 168 1728 ¹
236 1689 304 1742 ast
321 1673 416 1760 apud
434 1685 557 1737 ueteres
578 1671 712 1739 viariam
734 1674 802 1737 aim
817 1672 960 1736 contulit
979 1670 1118 1736 vocibus
1130 1694 1197 1757 pro
1221 1685 1277 1737 at-

236 1785 315 1850 que,
332 1782 401 1844 pro
420 1781 479 1836 ac,
494 1781 559 1842 pro
580 1781 682 1844 ergo,
699 1779 766 1842 pro
781 1757 858 1835 sed,
876 1780 943 1844 pro
959 1746 1092 1832 lamen,
1108 1779 1180 1841 pro
1196 1769 1277 1841 tum,

206 1901 210 1913 .
229 1843 298 1932 piro
322 1865 440 1930 quum,
474 1855 511 1906 ut
536 1844 573 1906 in
598 1843 725 1929 glossis
748 1845 994 1930 antiquitatum
1016 1843 1164 1929 legimus
1190 1847 1277 1909 scri-

227 1939 351 2018 ptum„
381 1929 534 1992 Priscian.
554 1930 619 2016 (18,
645 1931 729 2001 171.)
746 1951 779 2014 p.
795 1934 886 1994 1170.
907 1924 979 1991 ἀλλὰ
995 1927 1180 2014 (Putschius
1197 1932 1278 1995 scri-

218 2017 300 2105 'psit
316 2013 361 2100 γέ)
379 2013 648 2078 coniunctionem
664 2011 718 2076 illi
731 2025 763 2078 et
773 2036 841 2098 pro
857 2012 911 2096 yolo
928 2025 961 2077 ct
970 2036 1038 2098 pro
1049 2018 1123 2096 γοῦν
1132 2028 1277 2099 pareunt,

235 2099 400 2190 qeiomoda
416 2111 449 2164 et
465 2122 524 2163 nos
544 2109 588 2162 at
607 2097 725 2163 etvel
749 2110 782 2163 et
806 2111 958 2184 autpro
975 2111 1031 2180 et,
1056 2109 1169 2182 etpro
1190 2102 1278 2166 sal-

236 2199 317 2252 tem
340 2187 391 2250 ael
407 2207 457 2250 au
468 2196 560 2250 tem.
606 2183 784 2265 Quibus‘in
800 2182 859 2247 hac
876 2185 1025 2248 doctrina
1040 2183 1123 2247 nihil
1141 2186 1277 2271 prorsus

236 2271 393 2338 efficitur:
430 2293 507 2334 nam
536 2270 677 2358 propria
700 2280 733 2334 et
752 2290 819 2334 uuo
841 2271 888 2334 vis
913 2267 1009 2334 huius
1037 2271 1277 2336 coniunctionis

236 2360 381 2423 cernitur
395 2357 429 2420 in
447 2357 678 2444 oppositione,
709 2375 791 2440 quae
808 2377 877 2420 esse
924 2365 1009 2418 otest
1024 2365 1056 2418 et
1071 2358 1231 2422 contrarii
1247 2369 1278 2422 et

135 2443 139 2450 “
235 2443 363 2508 diversi.
407 2447 513 2526 Atque
530 2437 608 2504 haec
624 2441 789 2527 primitiva
805 2442 887 2528 sigui
914 2443 999 2505 cutio
1019 2441 1204 2505 distinctius
1221 2467 1279 2507 ex·

234 2526 517 2616 primituraddita
533 2527 691 2611 particula
709 2537 841 2588 contra.
880 2527 947 2590 Cic.
963 2527 1059 2590 Verr.
1079 2531 1117 2609 5,
1140 2531 1201 2600 26,
1226 2534 1276 2594 66.

207 2645 214 2696 '.
235 2609 409 2700 ecquando
425 2610 535 2698 igitur
549 2607 741 2698 istnfructa
758 2610 935 2698 quisquam
951 2612 1082 2688 cariat,
1115 2624 1153 2676 nt
1166 2613 1277 2698 nidere

228 2699 389 2785 pirutam
416 2719 457 2778 ca
483 2707 556 2760 tum
577 2717 645 2758 non
671 2692 812 2758 liceret?
848 2697 896 2759 At
925 2709 1047 2760 coritru
1069 2719 1217 2784 quacum
1238 2723 1278 2764 ne

161 2820 164 2825 ,
234 2785 301 2848 iter
318 2780 425 2872 fecit,
452 2717 522 2846 linc
555 2779 834 2873 iucundissimum
865 2783 1095 2930 spectaculum
1123 2725 1277 2848 omnibus

235 2870 421 2934 vinctorum
437 2879 614 2952 captorum
628 2866 776 2930 bostium
785 2889 876 2952 prae
899 2867 986 2932 ebat.
1032 2868 1164 2938 Sallust.
1181 2871 1276 2935 Catil.

236 2961 288 3019 12.
314 2973 434 3017 venem
458 2953 513 3017 illi
539 2947 681 3032 delubra
705 2950 845 3038 deorum
861 2953 1014 3040 pietate,
1053 2953 1171 3018 domos
1196 2979 1277 3020 stiae

210 3039 350 3140 ,gloria
366 3035 593 3113 decorabant,
613 3053 717 3124 n‘eqne
734 3037 840 3110 uictis·
871 3039 1035 3126 uidquam
1051 3053 1200 3126 praeter
1220 3043 1278 3105 in·

178 3192 184 3204 ,
233 3125 345 3206 iuriae
362 3125 538 3190 licentiam
556 3119 764 3207 eripiebant:
789 3133 828 3186 at
846 3061 884 3189 li
906 3135 1035 3188 cantra¹
1049 3125 1280 3226 ignavissumi

232 3210 384 3276 domines
392 3229 460 3294 per
474 3229 642 3270 summum
656 3205 762 3270 scelus
778 3209 896 3272 omniu
921 3233 963 3273 ea
985 3211 1086 3276 socias
1111 3213 1277 3294 adimere,

47 3335 51 3342 ,
110 3345 119 3364 ,
232 3317 318 3384 qnae
330 3290 531 3382 fortissumi
545 3293 610 3356 uiri
626 3292 764 3356 victores
786 3291 1005 3380 reliquerant.
1035 3295 1132 3360 Ovid.
1155 3300 1228 3362 Art.
1247 3321 1277 3362 a.

231 3387 270 3461 2,
292 3383 366 3444 603.
382 3377 508 3463 exigua
525 3390 574 3442 est
594 3377 698 3442 uirtus
717 3390 902 3464 praestare
924 3380 1064 3446 silentia
1087 3380 1209 3446 rebus.-
1239 3395 1279 3448 at

231 3475 351 3534 contra
371 3463 498 3550 gravis
519 3475 569 3528 est
590 3463 691 3548 culm
706 3463 863 3528 'tacenda
889 3464 990 3554 loqiei.
1043 3467 1148 3554 Saepe
1172 3470 1280 3534 utitur

66 3545 73 3556 “
117 3579 123 3593 =
230 3549 337 3616 verbis
351 3547 542 3634 compositis
560 3559 597 3612 at
613 3559 730 3616 contra
745 3549 922 3615 Lucretius.
947 3551 1013 3616 vid.
1032 3558 1069 3632 1,
1093 3556 1166 3617 867.
1198 3557 1278 3619 571.

233 3640 324 3702 1086.
348 3641 388 3714 2,
408 3634 482 3698 235.
505 3642 540 3696 et
559 3631 600 3696 al.
627 3643 658 3696 et
690 3631 820 3698 Tacitus
854 3637 939 3700 Anu.
974 3638 1013 3715 4,
1043 3639 1097 3702 28.
1149 3639 1280 3709 Verum

228 3720 328 3870 {pit-nr
349 3719 531 3784 observavit
543 3739 638 3809 ,unns
652 3715 785 3799 Festus,
811 3721 867 3806 qni
885 3721 970 3810 apud
987 3723 1076 3786 Paul.
1094 3723 1207 3792 Iliaca
1231 3736 1280 3790 at

111 3881 116 3889 ¹
225 3915 286 3980 pto
308 3903 358 3955 est
379 3881 540 3971 bellator,
562 3900 601 3954 at

660 3888 781 3992 .Coto
802 3904 930 3960 orator.
978 3929 979 3933 ,

310 4005 363 4080 ΕΞ
379 4000 553 4080 bisantem
568 4015 666 4082 simul
682 4015 988 4108 duocolligunturz.
1003 4023 1277 4104 coniunctionem

228 4114 266 4166 at
296 4109 369 4166 nou'
402 4101 560 4172 inservire
597 4101 798 4198 copulationi
838 4110 1075 4188 sententiarum
1114 4111 1278 4198 simplici,

68 4240 72 4246 .
140 4247 142 4252 ,
228 4208 332 4274 acque
357 4201 428 4254 cam
457 4205 615 4274 usquam,
642 4189 705 4254 uisi
732 4186 928 4259 aliacaussa
954 4193 1199 4281 intercedente,
1232 4197 1277 4262 ab

1353 3219 1354 3250 l

255 3801 461 3895 iffbrentiam
476 3811 588 3870 rerum
610 3799 809 3954 εἷ’ἦηιβοαττ
830 3817 869 3871 ut
884 3829 985 3895 quum
1018 3809 1182 3894 dicimus,
1200 3810 1280 3876 Sci·
