2662 4744
503 297 666 370 aviliu.
725 279 728 288 ’
1034 294 1104 409 1⁶⁵⁹

66 457 198 528 tionem
225 443 552 544 esse'muttiplicem,
576 441 634 522 iad
655 456 783 522 vanum
805 474 912 524 usum.
935 452 1106 544 ‚Legimus
1159 529 1160 533 ,
1206 451 1221 476 “
1253 465 1256 476 ‘

68 543 181 609 antem
194 544 227 606 in
244 543 513 630 explicationibus
529 542 624 606 huius
642 563 717 606 usus
733 545 1107 630 propositiseommixtu

68 623 229 708 vocabula
246 631 318 692 iam
335 635 428 704 cer03
447 639 618 706 attamen,
638 627 715 707 set,
736 628 833 700 item,
857 641 962 708 certe,
984 631 1108 710 minna,
1206 681 1207 684 η

66 717 143 796 ita,
164 715 309 792 idcirce,
331 711 454 796 imma,
477 737 523 778 aa
541 723 572 776 et
590 711 666 788 alia,
713 733 770 794 uae
787 725 862 776 sum
878 715 1107 796 diversissima.

66 803 177 885 Atque
200 794 280 864 illud
306 799 438 896 quidem
459 803 528 862 nori
552 803 662 884 potest
688 735 823 860 dubium
850 795 968 880 videri,
995 811 1109 864 antem

68 887 168 949 unius
202 905 271 948 esse
302 883 435 970 originis
466 901 539 946 cum
565 887 642 960 ant,
674 891 705 944 et
730 891 907 968 utrumque
932 896 1109 970 cognatum
1191 925 1194 933 ι
1283 909 1284 918 ’

69 991 189 1070 graeco
205 962 255 1036 ad.
298 967 470 1058 Naquuo
493 967 594 1031 modo
615 963 713 1045 item,
734 965 872 1048 itidem,
894 964 1029 1056 quidem
1052 971 1110 1034 ad·

68 1052 301 1141 iectasyllaba
320 1051 391 1116 'tem
413 1052 467 1116 vel
487 1053 566 1134 tem,
589 1051 798 1116 conformata
819 1065 913 1136 sunt,
944 1057 988 1120 ita
1012 1057 1114 1122 etiam

70 1147 205 1209 aretem:
231 1155 429 1226 quamquam
447 1137 500 1202 alii
518 1131 604 1219 acles,
629 1135 792 1223 quodlest
814 1132 853 1202 αὖ
874 1164 921 1219 τε,
940 1140 998 1218 'alii
1016 1136 1110 1223 adeda

67 1226 282 1292 formationis
298 1223 549 1296 fundamentum
565 1227 648 1310 poni
663 1217 800 1302 malunt,
817 1225 908 1310 quod
923 1221 1011 1288 haud
1028 1241 1112 1312 pro·

42 1309 45 1312 ’
69 1311 178 1376 babile
194 1310 330 1374 videtur.
373 1309 540 1372 Primitiva
558 1309 658 1394 igitur
674 1308 766 1372 notio
786 1310 931 1374 nominis
948 1329 994 1373 att
1008 1311 1042 1374 id
1060 1312 1112 1374 in·-
1171 1379 1173 1384 ,

67 1398 176 1474 ¹dicat,
199 1395 289 1480 quod
304 1405 418 1458 contra
438 1395 586 1480 positum
613 1397 702 1480 (nam
719 1393 809 1478 quod
829 1388 1015 1476 stiraceas,
1044 1395 1112 1458 ite-

70 1505 150 1548 rum
166 1479 343 1564 significat,
367 1479 459 1542 notio
484 1488 533 1540 est
546 1477 623 1541 inde
641 1477 811 1559 deducta),
833 1481 974 1566 ideoque
992 1491 1112 1543 ‘autem

69 1567 234 1656 principio
256 1573 350 1628 notat
381 1574 518 1638 contra,
535 1562 712 1650 ‘dagegea
739 1561 837 1640 eben,
870 1564 1019 1650 hancque
1044 1566 1113 1628 vim

73 1653 297 1739 oppositivam
318 1671 528 1736 peromnem
552 1669 667 1728 usum,
695 1650 798 1712 modo
816 1650 987 1730 adstricto,
1010 1649 1112 1726 modo

72 1738 220 1804 relaxato
236 1748 351 1812 sensu,
374 1740 491 1798 seruat.
522 1731 690 1820 Syllabam
708 1746 784 1798 tera·
795 1737 884 1801 enim
902 1757 971 1799 non
986 1757 1114 1800 meram
1140 1803 1142 1810 ,

71 1833 157 1974 puto
181 1843 249 1889 esse
279 1821 552 1892 terminationem
570 1817 820 1900 adverbialem,''
835 1821 891 1884 sed
914 1823 1114 1908 potestatem

101 1908 173 1972 abet
189 1905 406 1970 distinctionis
423 1905 853 1991 demonstrativam-‚quam
875 1905 1113 1994 nosvocabulo
1219 1973 1220 1982 ,
1326 1969 1327 1976 ,

75 1988 159 2058 eben
190 1987 405 2078 designamus.
460 1982 579 2076 idque,
618 2001 652 2052 ut
671 1991 829 2072 ¹videtur,
865 1990 975 2054 animo
999 2000 1114 2055 tenens

73 2078 256 2144 Priscianus
283 2077 484 2162 comparavit
513 2095 666 2159 graecum
696 2069 754 2157 δή
794 2076 859 2140 Sed
882 2073 1115 2164 appetitivam,

75 2187 149 2228 non
174 2158 405 2226 adversativam
434 2163 601 2225 nominavi
620 2161 707 2242 vim,
737 2162 858 2248 quippe
874 2183 955 2248 quae
974 2183 1031 2226 sua
1055 2179 1117 2248 op·
1142 2166 1145 2174 “

74 2249 329 2338 positionenon
346 2246 468 2310 reiiciat
483 2256 537 2310 aut
550 2246 724 2332 restringat
738 2247 824 2310 aliud
842 2247 930 2333 quid,
949 2246 1038 2334 quod
1056 2269 1116 2310 an·-

75 2333 215 2414 tecedit,
237 2333 293 2396 sed
311 2332 337 2394 si
358 2331 488 2416 quando
511 2330 576 2396 hoc
597 2331 669 2411 stat,
692 2332 793 2396 idox
814 2333 942 2396 ratione
965 2345 996 2396 et
1020 2353 1118 2417 argu*

74 2431 192 2486 mento
213 2417 474 2488 enuntiationum
493 2417 801 2502 componendarum*
818 2421 963 2506 recipiat.
993 2419 1118 2482 Discri-

75 2506 158 2572 men
180 2505 316 2591 proprie
337 2503 515 2582 indicatur,
542 2525 611 2566 non
642 2503 827 2584 diversitas,
857 2501 894 2566 ut
923 2504 1017 2568 benev
1037 2503 1120 2569 vidit-

77 2592 224 2658 Bauerus
241 2589 279 2652 ad
300 2588 422 2651 Sanctii
437 2586 520 2650 Min.
541 2587 582 2650 T.
601 2594 632 2652 2.
649 2611 682 2675 p.
697 2593 771 2653 341s
791 2601 886 2674 atque
906 2589 951 2654 ita
969 2591 1121 2687 opposita
1144 2621 1146 2626 r

78 2676 142 2742 sibi
168 2673 378 2760 respondent
401 2675 553 2737 invicem.
610 2673 690 2736 Iade
713 2675 819 2737 oritur
850 2676 896 2737 vis
926 2675 1120 2751 distinctiva,
1179 2736 1182 2746 s

81 2783 166 2849 quae
191 2761 380 2839 aliamrem
404 2757 443 2820 ab
470 2757 530 2822 alia
552 2757 807 2846 distinguatsiat
833 2779 872 2822 ue
903 2759 938 2822 in
969 2761 1121 2824 oratione

80 2845 314 2934 componenda
339 2865 447 2930 prope
478 2843 600 2906 accedit
631 2844 678 2906 'nd
714 2844 779 2907 vim
809 2779 1120 2910 demonstrativam:

78 2953 161 2999 nam
183 2953 276 3009 eum,
297 2933 353 3016 qui
368 2929 475 3008 audit,
497 2927 535 2992 ab
562 2928 660 2992 altera
678 2939 770 3016 parte
793 2928 827 2992 in
850 2929 984 2993 alteram
1007 2930 1121 2994 tradu-

82 3019 187 3082 cimus
205 3015 445 3102 distinguendo,
459 3024 491 3078 et
504 3028 675 3100 utramque
691 3036 763 3081 rem
776 3025 813 3077 ut
829 3017 1014 3078 committat
1028 3015 1123 3079 iube·-
1174 3024 1177 3030 ’
1231 3033 1233 3040 “
1274 3000 1278 3009 ’

80 3119 169 3169 mus.
210 3101 258 3166 lta
274 3123 319 3178 ea,
339 3121 422 3186 qnae
437 3121 473 3164 re
488 3099 623 3164 discreta
640 3099 777 3186 intelligi
795 3101 958 3176 volumus,
979 3111 1016 3163 ut
1033 3111 1123 3166 recte
1181 3107 1184 3114 ’
1214 3161 1216 3164 ,

79 3189 253 3339 perspexit
272 3189 455 3264 assuerus,
479 3185 628 3248 oratione
644 3186 880 3250 connectimus.
923 3186 1006 3251 Hinc
1022 3176 1123 3250 intel-

83 3368 244 3445 quatenus
281 3357 484 3444 oppositioni
518 3355 659 3444 simplici
692 3357 842 3438 inseruit,
877 3359 1125 3444 propemodum

81 3444 176 3512 idem
192 3442 368 3526 significat,
392 3453 423 3506 et
440 3442 473 3504 in
487 3438 604 3506 iisdem
620 3441 814 3506 dictionibus
828 3451 1014 3529 usurpatur.
1057 3443 1125 3506 Er-

81 3539 160 3596 rant
185 3549 264 3593 vero
289 3527 311 3590 ii
333 3525 561 3606 vehementer,
590 3523 646 3614 qui
669 3537 783 3617 autem
807 3523 894 3592 idem
922 3549 991 3591 esse
1012 3521 1125 3592 dicunt
1182 3543 1185 3554 ’

85 3613 180 3701 quod
197 3611 268 3676 sed.
310 3611 382 3675 Hoc
402 3610 529 3698 separat
551 3623 583 3675 et
597 3623 769 3696 removet,
790 3611 872 3676 illud
896 3614 1068 3699 componit
1092 3623 1125 3678 et

84 3695 268 3766 continuat.
310 3697 388 3763 N'ec
400 3697 469 3760 sine
488 3719 597 3761 caussa
612 3699 677 3764 iam
693 3697 898 3762 Tursellinus
917 3693 1064 3778 monuit,
1086 3709 1124 3762 ut

83 3786 129 3852 in'
140 3781 363 3870 explicatione
371 3782 480 3870 potius
496 3795 529 3846 et
545 3805 644 3868 qnam
661 3783 723 3848 secl
744 3777 963 3855 adhiberetur.
1007 3783 1070 3851 Sed
1090 3783 1126 3848 in
1189 3846 1190 3852 ,

82 3870 152 3936 boc
171 3890 234 3934 usu
243 3869 351 3956 petiam,
360 3864 517 3954 temporis
535 3879 583 3932 est
598 3869 704 3955 aliqua
723 3865 900 3942 diversitas.
931 3871 1127 3954 Antiquiore
1170 3874 1173 3878 ’
1202 3939 1209 3946 ,

85 3956 179 4023 enim
195 3963 344 4040 tempore
359 3952 518 4040 particula
562 3953 737 4039 lerumque
745 3955 813 4020 vim
834 3954 922 4019 illam
939 3972 1064 4039 ,puram
1089 3963 1140 4023 dc,
1170 4036 1174 4040 .

84 4040 271 4128 simplicem
288 4039 463 4113 obtinebat,
480 4048 518 4104 ,et
535 3977 782 4114 distinctionem.
792 4035 930 4106 addebat
943 4039 1041 4104 rebus
1056 4061 1125 4104 non

97 3273 217 3362 igitur,
241 3293 411 3358 quousque
429 3272 562 3358 attineat
586 3271 735 3358 cognatio
763 3271 913 3337 vocabuli
946 3282 1001 3351 at,
1034 3271 1125 3358 quod
1185 3265 1189 3272 ’
1276 3251 1279 3258 ¹

83 4137 205 4196 natura
222 4131 305 4211 sua,
340 4123 397 4192 sed
417 4124 580 4216 positione
593 4124 762 4199 adrosis:
796 4125 993 4200 recentiores
1017 4133 1126 4192 autem
1263 4177 1266 4181 .
