2760 4748
192 312 287 401 ‚aie
382 395 383 402 g
680 259 784 374 'au

224 457 366 530 directae
379 462 474 551 eique
491 444 650 550 simplici,
670 459 728 524 ubi
744 453 992 526 Germanicam
1009 479 1147 545 prorsus
1164 459 1274 524 omit-

202 619 204 626 ,
226 560 313 614 tunt.
355 549 482 614 Deinde
494 549 632 648 ponitur
650 547 684 610 in
699 546 955 636 interrogatione
980 537 1120 624 directa,
1140 546 1198 608 sed
1215 568 1274 609 ea·

226 635 303 700 dem
317 634 582 712 vehementiore,
605 643 733 697 etcum
758 633 902 718 quodam
924 630 1026 694 animi
1047 628 1274 778 affeetudpro-

121 735 125 748 “
224 721 390 792 nuntiata,
416 719 612 808 praesertim
636 739 739 804 quum
762 716 796 782 id
811 717 1074 802 interrogamus,
1101 736 1168 800 quo
1219 715 1274 780 vel

227 805 321 870 alteri
336 803 570 871 affirmandum
578 825 646 867 esse
658 813 749 868 certo
759 803 899 882 seimus,
924 801 977 868 vel
985 801 1024 866 ab
1034 822 1073 864 eo
1082 801 1196 887 negari
1204 802 1274 865 mi-

225 889 369 956 randum
385 895 503 956 esset.“
544 885 1087 954 Ramshorniusin·uramm.1tt.
1114 909 1181 966 aa,
1212 908 1275 972 per

227 987 318 1042 etwa
331 975 490 1058 reddens,
518 974 552 1039 in
572 975 830 1062 interrogatione
845 971 1022 1036 dubitantis
1046 980 1079 1035 et
1100 991 1154 1034 sus
1181 971 1275 1035 ican-

120 1057 125 1068 '
221 1062 270 1126 tis
319 1063 375 1126 oni
397 1061 494 1139 dicit,
528 1059 586 1124 ubi
613 1060 740 1124 animus
764 1061 850 1140 eius,
882 1058 939 1148 qui
962 1056 1108 1144 quaerit,
1147 993 1276 1122 dubitet

228 1081 362 1232 quidem
380 1146 578 1210 contrariam
592 1147 787 1210 sententiam
802 1143 1007 1232 approbare,
1033 1152 1148 1206 tamen·
1167 1142 1274 1227 magis
1365 1197 1366 1228 1

228 1231 380 1310 inclinet,
402 1241 440 1292 ut
456 1252 529 1296 eam
548 1229 694 1316 accipiat.
739 1231 831 1310 Quae
854 1229 966 1294 omnia
1002 1247 1170 1291 uumnon
1185 1228 1275 1292 nati-
1365 1245 1366 1256 ¹

229 1337 304 1382 vam
318 1314 494 1402 partictdae
508 1313 577 1378 vim
591 1315 887 1400 comprehendant,
905 1250 1089 1377 satislaeere
1104 1334 1176 1396 non
1192 1335 1275 1400 pos-

198 1475 200 1479 ·
229 1411 317 1466 sunt.
361 1401 444 1464 Nam
469 1397 724 1467 affirmationem
744 1402 778 1464 in
799 1400 857 1464 tali
877 1397 1134 1496 interrogatione
1154 1420 1275 1484 exspe-

229 1486 424 1572 ctari'eique
439 1484 555 1565 adiici,
575 1484 679 1552 multa
702 1485 852 1574 exempla
874 1494 906 1547 ct
929 1507 980 1548 res
1001 1505 1075 1569 ipsa
1096 1483 1275 1546 declarant.

201 1600 205 1617 ·
228 1571 401 1658 Nusquam
425 1581 535 1635 autem
549 1571 688 1657 ponitur
705 1594 754 1634 an
766 1573 801 1635 in
825 1569 967 1656 simplici
982 1579 1079 1654 atque
1103 1579 1194 1631 recta
1221 1569 1275 1632 in-

40 1723 45 1740 ,
150 1727 155 1744 Ι
230 1657 473 1744 terrogatione,
495 1655 777 1741 neque'dubitatio
797 1656 832 1720 in
854 1654 1051 1718 contrariam
1077 1653 1276 1716 sententiam

230 1743 392 1806 inclinans
408 1763 474 1804 una
488 1763 558 1804 esse
570 1751 699 1827 potest,
720 1763 783 1828 qua
800 1739 960 1808 eiusmodi
976 1739 1276 1823 interrogationem

231 1827 272 1891 ab
290 1827 359 1890 aliis
378 1825 473 1888 distin
501 1846 625 1888 uamus.
665 1827 771 1912 Atque
786 1827 820 1889 in
836 1819 920 1913 ipso,
936 1823 1276 1912 quodRamshornius
1367 1906 1368 1910 Ἰ

232 1911 338 1976 ecte.
354 1909 454 1972 Tusc.
469 1848 512 1990 dg,
535 1916 565 1973 1.
588 1909 693 1990 atlert,
715 1911 868 1998 exemplo
891 1915 961 1974 non
987 1918 1073 1983 erat,
1108 1910 1198 1997 quod
1218 1910 1276 1973 Ci-
1367 1923 1368 1928 ’

233 1995 499 2061 oero'veritatem
525 2016 656 2058 caussae
679 1996 828 2082 prolatae
849 2006 993 2082 negaret.
1041 1993 1132 2058 Inter
1158 2013 1276 2062 ornnes
1367 2007 1368 2018 ¹

230 2081 331 2173 igitur
355 2081 589 2168 grammaticos
614 2100 720 2144 unum
750 2081 943 2170 Zumptium
966 2081 1061 2147 video
1084 2103 1158 2144 rem
1182 2091 1277 2154 acute
1367 2103 1368 2126 ¹

231 2167 447 2259 perspexisse,
461 2187 564 2252 quum
579 2175 612 2229 et
622 2165 846 2231 disiunctivam
857 2169 925 2232 vim
931 2163 1110 2254 particulae
1121 2165 1276 2254 etdupli-
1367 2237 1368 2242 η

118 2289 123 2304 ι
199 2331 205 2344 ¹
234 2262 324 2336 cent,
346 2273 411 2338 qun
424 2252 642 2342 interrogatio
663 2261 810 2328 constat,
825 2263 963 2352 'partem
978 2251 1098 2339 ubique
1113 2253 1274 2340 supplen-

234 2338 312 2404 dam
327 2347 467 2401 teneret.
525 2337 633 2418 Quam
657 2359 734 2409 uam
749 2337 804 2403 ille
822 2360 891 2438 ipse
907 2359 1023 2431 ¹seeum
1045 2358 1197 2428 pugnans
1220 2339 1276 2419 uit,

184 2430 187 2439 '
215 2433 281 2488 'aa
296 2421 381 2486 nihil
397 2420 588 2508 significare,
605 2359 662 2486 sel
681 2423 829 2489 formam
843 2422 1110 2508 interrogationis
1128 2425 1274 2511 explere.

232 2505 405 2574 illudvero
420 2506 584 2592 imprimis
592 2507 778 2574 addendum
792 2519 850 2590 est,
877 2508 964 2572 hanc
979 2509 1277 2596 interrogationem

235 2591 276 2658 de
296 2589 400 2674 aliena
421 2601 477 2655 eut
499 2593 664 2657 contraria
687 2595 847 2658 sententia
876 2593 1014 2675 confici,
1065 2615 1108 2658 uo
1129 2591 1208 2676 fiat,
1240 2605 1277 2659 ut
1368 2673 1369 2680 ἵ

235 2676 538 2744 simulationis-sive
554 2677 683 2742 ironiae
704 2680 789 2744 ratio
813 2681 955 2745 accedat.
1001 2680 1023 2744 S
1087 2697 1277 2748 nos'usum
1368 2695 1369 2698 ’

233 2759 455 2855 per-singulas
474 2773 583 2850 partes
600 2764 847 2852 persequamur.

239 2861 241 2866 ’
319 2853 349 2913 1.
396 2847 634 2996 ἓυαθουᾳηᾳμο
654 2850 867 2944 interrogatio
889 2874 951 2940 per
972 2850 1207 2916 disiunctivnm
1231 2873 1278 2916 aa

234 2929 382 3000 termera
427 2943 495 2998 tera
511 2943 559 2998 est
577 2957 654 3021 pars
669 2937 935 3028 interrogationis
951 2936 1163 3013 bimembris,
1187 2937 1276 3002 cuius

236 3019 346 3106 prima
368 3041 445 3110 pars
473 3030 528 3084 aut
558 3041 713 3108 expressa
742 3032 790 3084 cst
813 3023 849 3088 in
871 3023 1030 3087 sententia
1055 3022 1277 3106 antecedente,
1367 3059 1369 3068 ·

237 3107 369 3192 quaein
383 3105 676 3194 interrogationem
694 3107 829 3183 transit,
853 3119 908 3180 aut
923 3107 1115 3196 intelligitur
1138 3131 1181 3172 ex
1203 3130 1278 3175 ver-

124 3193 127 3204 *
235 3191 391 3271 bisatiis,
409 3213 491 3274 quae
513 3189 730 3276 praecedunt,
752 3191 805 3278 vel
828 3215 869 3255 ex
884 3195 986 3258 totius
1011 3194 1277 3281 orationis'pro-

127 3285 132 3292 '
236 3289 361 3364 gressu.
392 3273 510 3339 ‘Veluti
526 3273 613 3360 apud
629 3275 732 3340 Plaut.
745 3277 836 3341 Asin.
854 3278 893 3360 5,
917 3285 956 3362 1,
978 3285 1028 3344 10.
1051 3280 1115 3346 DE.
1137 3279 1279 3344 credam
1368 3309 1369 3316 ¹

236 3359 427 3446 eguistuc,
452 3359 484 3423 ei
508 3381 579 3426 eece
606 3371 638 3425 te
662 3360 813 3426 hilarum
832 3363 955 3428 videro.
998 3368 1070 3428 ΑΒ.
1089 3389 1136 3430 an
1154 3378 1192 3430 te
1209 3388 1279 3430 cese
1367 3369 1369 3410 ἵ

169 3519 171 3527 ,
235 3464 291 3514 me
305 3446 438 3510 tristem
445 3442 579 3530 putas?
597 3449 756 3512 sententia
775 3448 853 3513 haec
868 3461 933 3516 est:
953 3449 1141 3516 hilarumne
1157 3474 1212 3515 me
1227 3453 1278 3518 vi·

237 3531 314 3606 des,
345 3553 385 3595 an
407 3535 463 3595 m'e
484 3531 614 3619 tristem
636 3531 755 3619 putas?
788 3535 899 3614 Quare
925 3535 1127 3600 desideratur
1145 3559 1279 3624 semper

240 3615 361 3718 aliquid
379 3617 571 3706 oppositum
587 3617 638 3681 vel
653 3621 873 3700 centrarium,
920 3621 989 3686 uod
1013 3622 1049 3686 in
1071 3621 1279 3708 interrogan-
1368 3679 1369 3690 ,

238 3701 282 3765 tis
295 3702 416 3786 *animo
440 3697 691 3790 supprimitur.¹¹
710 3705 799 3770 Nam
852 3643 937 3789 uod,
958 3727 1059 3794 quum
1083 3707 1279 3797 interrogat,
1368 3719 1369 3752 ³

238 3788 418 3875 proponit,
446 3787 529 3854 illud
545 3797 609 3868 est,
640 3791 730 3878 quod
755 3813 796 3856 ex
821 3727 923 3856 iliona
945 3793 1105 3857 sententia
1129 3794 1195 3860 dici
1218 3817 1280 3859 cc-

237 3872 374 3962 gitarive
393 3875 506 3960 possit.
547 3872 670 3962 Neque
684 3899 733 3942 an
753 3897 912 3964 umquam
934 3875 1093 3964 signifieat
1110 3877 1279 3967 fortasse,

215 4021 219 4036 ,
239 3967 348 4034 etwa,
373 3957 430 4022 sed
448 3970 526 4039 aiat,
551 3957 654 4023 oder.-
675 3972 708 4026 ct
727 3962 924 4028 vocabulum
942 3975 1033 4030 etwa
1051 3964 1087 4030 in
1101 3965 1279 4031 reddendis
1367 3989 1369 4046 5

163 4086 165 4091 ·
238 4043 349 4110 verbis
363 4042 515 4108 adhibere
528 4065 706 4130 possumus
718 4057 914 4142 propterea,
931 4049 1039 4134 quod,
1061 4071 1144 4136 quae
1158 4050 1279 4116 dieun-
1368 4079 1369 4100 i

219 4142 313 4217 tur,
343 4129 494 4211 simulate
508 4139 540 4198 et
555 4151 617 4222 per
636 4131 758 4204 alienae
775 4134 965 4222 sententiae·
980 4136 1202 4204 coniecturam
1223 4137 1279 4203 di·
1331 4177 1333 4184 ι
