2662 4744
153 333 158 344 ,
210 294 273 362 524
694 283 762 348 AV.

210 457 309 514 certa.
349 442 490 510 Librarii
504 441 591 508 enim
608 439 689 504 haec
713 436 909 527 plerumque
925 459 968 502 ex
982 458 1044 504 suo
1058 461 1169 507 more
1187 465 1278 508 con-

86 595 88 602 .
209 533 411 601 formarunt.
452 530 495 593 At
518 549 560 592 ue
582 527 703 614 legitur
728 523 848 612 atquin
868 523 905 586 in
928 524 1095 591 codicibus
1121 530 1277 615 quibus.

135 635 140 658 '
211 620 289 684 dam
318 617 454 682 Sueton.
488 551 623 700 blespas.
653 616 707 675 23.
740 608 891 706 110113,
915 615 1043 707 12,·13.
1073 615 1117 686 4,
1144 619 1191 692 2,
1216 617 1276 680 53,

210 703 404 770 Consentire
419 698 571 763 videntur
586 697 663 762 libri
679 693 767 784 apud
783 693 962 780 leranum
975 718 1010 758 m
1026 697 1160 784 Digest.
1180 701 1215 779 43
1240 707 1273 776 3,

211 777 269 865 ¹18,
292 794 323 854 3.
337 788 381 851 Ι111
404 783 546 850 Το111111.
562 783 703 872 Apolog.
725 786 757 845 2.
772 789 805 843 et
823 781 855 843 8.
874 789 907 844 et
923 782 976 844 41.
999 781 1039 845 de
1064 785 1222 850 Patient.
1240 792 1273 850 3.

198 875 266 940 abi
292 893 376 938 unus
404 869 512 936 codex
529 869 642 934 Vrsini
660 887 786 953 uquam
833 864 955 930 raebet.
980 866 1016 928 in
1039 868 1200 934 Lactant.
1231 872 1274 937 de

207 951 401 1046 Persequut.
419 965 521 1020 mort.
538 961 598 1032 23,
617 957 649 1018 8.
670 951 706 1016 iu
721 887 847 1015 smol.
868 955 900 1016 3.
930 975 965 1039 p.
982 957 1034 1019 67.
1054 953 1151 1020 Elm.
1177 957 1273 1043 (144.

208 1043 301 1132 Η11.)
323 1046 358 1109 in
381 1041 539 1106 Prudent.
566 1037 715 1105 Cathem.
739 1036 894 1102 Prooem.
917 1038 971 1102 34.
998 1037 1117 1104 Perist.
1143 1045 1189 1124 6,
1214 1048 1271 1106 79.

207 1131 254 1196 ita
278 1140 315 1194 ut
339 1123 420 1194 haec
444 1127 483 1192 ab
506 1125 586 1214 ipsis
617 1120 822 1200 auctoribus,
854 1122 912 1210 qui
940 1119 1147 1208 recentiores
1175 1139 1271 1212 sunt,

207 1215 359 1306 profecta
382 1211 564 1278 videantur.

290 1338 309 1377 *
333 1325 384 1398 D'c
398 1330 660 1428 commutatione
680 1327 861 1394 verborum
879 1341 979 1418 atque
1001 1340 1034 1396 et
1057 1308 1164 1431 'atqui
1189 1335 1268 1399 vide

206 1422 240 1488 in
258 1437 391 1518 Athu.
434 1413 963 1564 Distrabendorumuexemglum,
990 1428 1028 1480 ut
1051 1439 1129 1505 que,
1153 1419 1266 1485 Mioh.

207 1507 428 1592 Heusingerus
445 1524 515 1569 esse
528 1502 634 1570 voluit
650 1524 685 1566 m
705 1501 775 1566 Cre.
791 1500 832 1565 de
880 1499 916 1566 ff.
932 1507 972 1585 3,
994 1508 1055 1587 33,
1074 1507 1109 1568 3.

603 1811 606 1816 ,
675 1703 818 1800 nu,

222 1901 227 1910 '
288 1889 375 1954 Haec
398 1887 598 1963 interiectio,
631 1875 1260 1975 ’111111Ρ1110111111311102411

206 1974 376 2039 sonituum
399 1973 633 2038 illiteratorum
656 1971 856 2050 imitationes
874 1969 996 2054 refert,
1028 1973 1260 2038 alexicorum

206 2060 392 2124 auctoribus
415 2069 490 2122 eta
513 2058 632 2124 criticis
661 2058 786 2122 mirum
806 2058 842 2122 in
868 2058 1009 2122 modum
1037 2071 1165 2124 versata
1201 2073 1259 2125 est.

203 2143 354 2211 Donatus
369 2143 410 2210 ad
426 2144 563 2209 Terent.
578 2141 682 2208 Andr.
699 2145 739 2224 4,
759 2144 800 2224 4,
824 2148 875 2208 12.
900 2143 939 2208 ad
960 2143 1046 2228 Eun.
1069 2146 1108 2220 4,
1134 2147 1176 2220 4,
1207 2153 1258 2211 13.

204 2231 246 2310 5,
267 2237 305 2311 2,
327 2236 380 2296 60.
402 2230 703 2295 consternationem
721 2237 753 2292 et
769 2228 1057 2293 conturbationem
1082 2233 1190 2296 abimi
1213 2233 1258 2295 ita
1328 2249 1329 2272 t

205 2317 350 2404 exprimi
366 2316 455 2380 dicit.
497 2315 562 2379 Alii
577 2325 686 2380 autem
706 2313 784 2378 huie
810 2315 884 2380 voci
908 2313 1058 2378 tribuunt
1079 2317 1149 2388 vim
1174 2315 1257 2382 abo·

203 2401 370 2481 minandi,
393 2400 578 2482 excitandi,
606 2397 827 2481 admonendi,
851 2399 904 2465 alii
920 2409 1068 2474 metum,
1089 2401 1146 2466 alii
1167 2403 1257 2468 indi·

149 2485 154 2492 “
203 2489 395 2578 gentionem
410 2483 606 2572 intelligunt,
629 2486 756 2549 Omnes
769 2495 882 2550 tamen
896 2495 1028 2572 praeter
1046 2505 1152 2552 unum
1163 2491 1255 2554 Gro-

204 2573 361 2654 noviutn,
384 2570 440 2658 qui
454 2589 570 2638 verum
590 2571 759 2660 perspexit
776 2570 831 2658 (ud
846 2570 951 2636 Pluut.
972 2567 1045 2636 Gas'.
1069 2577 1110 2656 4,
1133 2579 1172 2655 3,
1197 2575 1256 2660 4.),

204 2659 375 2724 falluntur.
418 2655 505 2720 Nam
520 2654 646 2719 collatis
664 2655 818 2720 omnibus
844 2655 1003 2743 exemplis
1025 2677 1091 2722 uua
1117 2672 1257 2746 apparet

204 2744 342 2810 voculae
356 2752 520 2842 potestas,
544 2740 668 2829 duplex
691 2740 803 2805 forma
828 2761 875 2806 aaa
896 2752 928 2805 et
949 2741 1029 2806 hau.
1073 2745 1188 2810 Vtitur
1206 2768 1254 2828 ea,
1326 2767 1327 2790 1

113 2899 116 2907 ,
204 2832 262 2918 qui
277 2830 475 2908 admiratur,
498 2827 671 2914 quomodo
689 2826 823 2914 aliquid,
845 2826 936 2914 quod
949 2828 1092 2894 nimium
1109 2841 1164 2894 eut
1184 2853 1276 2922 11011Ι

229 2914 393 2992 robabile,
415 2935 475 2978 nec
492 2913 663 2993 credibile,
684 2935 745 2978 nec
762 2913 931 3002 optabile,
941 2913 1090 2990 videtur,
1117 2915 1183 2980 dici
1199 2931 1255 2982 aut

201 2935 275 3068 beri
298 3000 421 3088 possit,
453 2998 597 3064 admixta
629 3021 726 3086 saepe
758 2998 981 3086 indignatione
1003 3001 1039 3064 in
1059 3022 1097 3064 re
1121 3014 1255 3088 praeter

203 3093 225 3154 o
252 3087 400 3152 inionem
417 3086 601 3156 exsistente.
644 3085 728 3152 Hinc
745 3085 772 3150 is
789 3106 921 3171 quoque
936 3084 981 3150 ita
1004 3085 1170 3173 loquitur,
1193 3080 1251 3176 qui

198 3111 324 3260 ailquid
341 3171 510 3258 repudiat,
533 3181 588 3234 aut
603 3170 756 3254 precibus
781 3171 900 3250 instat,
921 3181 958 3234 ut
981 3193 1034 3236 res
1058 3171 1153 3240 aliter
1174 3173 1251 3240 fiat:

227 3280 304 3324 uere
316 3279 414 3342 saepe
428 3264 677 3341 componuntur
693 3277 739 3320 ou
754 3253 899 3320 obsecro.
943 3256 1014 3321 Nos
1031 3255 1169 3324 dicimus
1186 3263 1253 3326 uolt
1324 3279 1325 3288 ¹

202 3281 380 3410 2011011111
402 3341 467 3405 acb
479 3339 568 3427 get!
590 3337 659 3408 Nec
674 3344 785 3426 negari
805 3353 915 3429 potest
932 3344 1086 3430 cognatio
1102 3367 1253 3434 praepo·

203 3428 333 3499 sitionis
351 3449 397 3490 ou
413 3427 448 3492 in
471 3423 615 3514 ‹ttfitgio
639 3437 672 3514 et
696 3423 837 3516 artfero,
857 3449 943 3576 puae
965 3451 1029 3514 pro
1050 3429 1251 3498 addicitur:

204 3531 404 3602 quamquam
428 3511 559 3580 Gellius-
581 3511 639 3592 15,
662 3517 694 3580 3.
713 3513 832 3600 quaeri
882 3514 1003 3601 ignum
1019 3527 1143 3602 putat,
1171 3541 1252 3584 ver·
1323 3561 1324 3566 κ

201 3624 286 3666 sone
314 3600 360 3664 eit
392 3608 425 3662 et
455 3607 591 3668 mutatu
616 3596 672 3666 ab,
689 3597 971 3685 praepositioni}
995 3624 1049 3666 au
1079 3601 1253 3689 syllabam

117 3729 119 3744 ,
164 3725 168 3732 -
199 3696 345 3773 propter
376 3683 556 3748 lenitatem
584 3683 707 3761 vocis,
726 3707 773 3748 au
799 3685 924 3770 potius,
939 3708 993 3750 au
1011 3687 1254 3774 particulosit

183 3795 186 3806 ¹
196 3769 347 3859 propria
361 3769 508 3854 origiue.
553 3769 647 3834 Certe
660 3769 880 3845 interiectioni
895 3781 982 3838 reete
1004 3773 1181 3840 tribuimus
1206 3777 1253 3842 si·

123 3923 125 3929 ,
201 3849 446 3960 gnificationem
459 3853 685 3944 refutationis:
708 3853 831 3932 abuit..
883 3869 884 3874 ’
914 3895 917 3905 ·

314 3973 398 4026 Plaut.
416 3973 496 4025 Stich.
515 3974 547 4038 1,
563 3973 597 4038 3,
617 3973 675 4026 104.
691 3973 764 4042 bau,
777 3975 869 4051 'nullu
894 3976 946 4032 tibi
969 3975 1072 4049 lingua
1094 3989 1152 4043 ast,
1178 4001 1253 4052 quae

211 4093 216 4102 ·
269 4058 379 4130 quidem
399 4053 490 4121 dicat,
514 4057 623 4112 Dabo?
642 4061 706 4112 cista
723 4060 816 4125 3345.
835 4059 907 4126 bau,
933 4061 1058 4118 voluo'stt¹
1076 4065 1150 4118 istuc
1174 4084 1252 4122 seve·

269 4162 330 4196 ram
351 4139 472 4214 facere?
498 4145 605 4198 Terent.
631 4147 697 4199 Eun.
721 4145 755 4212 t,
772 4145 807 4213 3,
826 4142 868 4202 14.
894 4165 930 4200 aa
951 4145 1083 4232 obsecra,
1110 4171 1172 4208 mea
1193 4153 1251 4226 Py·
