2760 4748
119 278 126 284 1
229 343 294 409 820
482 389 484 401 .
658 394 659 402 ,
690 333 782 401 ΛΝ.

412 413 423 440 i
651 447 656 456 =
1213 453 1218 462 .

232 493 346 574 efficit,
359 485 639 564 necGembardue
654 487 770 554 mirari
787 483 1017 552 debebatExo.
1032 509 1069 576 p.
1085 489 1161 556 252.
1186 487 1282 577 qnod

137 611 142 624 ·
229 604 291 648 nus
317 597 391 642 uam
414 573 587 662 reperisset
614 573 748 639 nesciae
774 574 826 638 vel
856 573 998 638 nesciat.
1049 574 1114 639 Alii
1141 595 1280 663 quoque

230 602 449 732 conluderunt
466 659 618 757 exempla
634 659 794 723 secundae
811 668 843 724 et
859 660 971 723 tertiae
989 681 1174 746 personae,
1193 683 1280 747 quae

231 752 271 817 ad
287 747 379 812 banc
407 745 599 809 urbanitatis
622 744 804 810 formulam
827 765 898 808 uon
923 743 1122 809 attinebant:
1154 767 1280 832 quam-

253 855 329 898 nam
346 828 454 910 iniis,
473 834 511 892 ut
526 830 840 910 demonstravimus,
861 829 1020 893 sententia
1038 831 1135 894 etiam
1158 831 1200 895 ad
1223 829 1280 896 af-

227 859 450 986 drmationem
472 915 638 980 inclinare·
653 921 792 1003 poterat.
835 909 912 978 Non
935 914 1072 980 inclinat
1094 917 1183 1003 apud
1204 917 1277 982 Cic.

162 1004 170 1022 ’
230 1008 270 1072 dc
288 1006 381 1068 Orat.
398 1007 430 1076 2,
458 1005 508 1074 18,
531 1003 584 1066 56.
603 1001 656 1065 ita
667 1021 774 1087 porro
790 997 895 1064 verbis
912 1011 1014 1148 uqrtus
1028 1012 1061 1065 et
1071 1023 1221 1086 pressus,
1238 1014 1278 1067 ut

229 1091 379 1168 nescius,
407 1095 526 1150 atr-um‘
541 1109 595 1151 res
621 1086 796 1168 oratione,
815 1107 862 1148 nn
878 1103 933 1149 ver
955 1107 978 1148 a
993 1087 1172 1150 sententiis
1192 1087 1276 1151 illu-

106 1212 113 1228 ν
227 1187 388 1244 atrentur.
410 1173 433 1236 i.
450 1193 478 1236 e.
499 1179 537 1234 nt
556 1169 693 1234 dubium
716 1171 769 1234 sit.
823 1165 961 1234 Inclinat
984 1191 1063 1235 vero
1087 1171 1175 1258 apud
1202 1173 1277 1236 Ho-

173 1253 184 1282 ’
227 1273 287 1329 rat.
305 1261 414 1324 Germ.
431 1262 462 1331 2.,
485 1257 516 1327 4,
543 1261 593 1320 12.
607 1256 761 1344 ¹nescius,
780 1267 867 1320 ante
880 1277 1047 1343 generum
1063 1253 1276 1344 beatiPlzyt

227 1347 310 1413 tidie
318 1343 439 1434 flavae
459 1339 617 1404 decorent
633 1351 818 1426 parentes?
840 1341 977 1429 regium
999 1352 1089 1406 certe
1112 1365 1223 1430 genua
1243 1355 1278 1408 et

222 1429 363 1522 percutis
386 1435 512 1492 moeret
536 1425 678 1513 iniquos.

312 1531 424 1596 Restat
447 1537 484 1591 ut
506 1527 547 1591 de
572 1525 782 1591 coniunctivo
809 1530 844 1589 'et
873 1519 913 1588 de
944 1524 1119 1612 negatione
1154 1527 1187 1591 in
1211 1525 1276 1590 hac

231 1615 427 1703 loquutione
447 1611 499 1677 vel
518 1614 696 1677 necessaria
710 1610 762 1676 vel
778 1633 849 1675 non
871 1613 1054 1676 necessaria
1069 1612 1187 1676 dicam.
1229 1615 1277 1676 Ac

221 1699 426 1766 ‘coniunctivi
448 1699 532 1762 ratio
557 1719 628 1762 non
659 1693 817 1760 abhorret
840 1694 879 1759 ab
903 1697 1056 1760 universo
1083 1719 1146 1760 usu
1174 1697 1276 1762 huius

227 1789 331 1853 modi.
374 1783 457 1848 Nam
475 1783 566 1869 quod
587 1807 604 1848 a
621 1784 781 1846 Cicerone
799 1779 833 1844 in
849 1780 941 1844 libris
961 1781 1000 1846 de
1015 1783 1159 1846 Oratore
1175 1807 1276 1870 saepe

228 1873 347 1936 dicitur
359 1865 457 1932 uano
469 1868 578 1930 scium
594 1889 657 1947 arr,
674 1865 863 1954 profectum
877 1869 927 1929 'est
938 1866 978 1930 ab
996 1869 1139 1932 auctoris
1152 1891 1276 1955 magna

146 2007 153 2014 -
227 1955 387 2022 modestia
403 1961 436 2016 et
451 1951 490 2016 ab
507 1974 544 2016 ea
558 1953 758 2028 urbanitate,
784 1971 846 2037 qua
874 1952 1095 2037 gratissimum
1120 1953 1275 2018 colorem

227 2041 279 2108 his
296 2039 441 2105 maxime
456 2037 546 2102 libris
563 2037 689 2103 adiecit.
731 2035 770 2102 ln
792 2035 926 2122 reliquis
952 2037 1120 2104 Ciceronis
1142 2041 1276 2128 scriptis

226 2147 389 2214 nusquam
403 2124 534 2212 legitur.
1125 2123 1127 2128 '

338 2256 378 2306 De
394 2256 466 2316 Orat.
487 2245 645 2316 2,17,7t.
665 2253 694 2306 in
715 2263 875 2304 caussarum
891 2246 1121 2304 vcontentionibus
1142 2269 1276 2324 magram

293 2351 336 2395 est
350 2337 490 2412 quoddam
504 2355 574 2407 opas
589 2343 673 2406 atqui
694 2327 770 2388 baud
790 2339 876 2390 sciam
890 2334 977 2388 ande
996 2334 1124 2390 truncaris
1143 2335 1276 2405 operibus

295 2422 379 2493 longe
400 2425 557 2474 mximam.
578 2421 611 2484 2,
627 2419 677 2484 ⁵2,
694 2419 754 2472 209.
778 2435 832 2490 par
856 2428 941 2493 atque
964 2439 1019 2474 urta
1039 2422 1115 2474 ratio
1135 2431 1179 2474 est
1200 2424 1274 2494 spei,

146 2526 161 2582 ζ
236 2507 242 2514 ”
294 2505 437 2568 laetitiae,
465 2503 627 2558 molestius
651 2503 701 2558 red
714 2501 791 2556 taud
812 2507 899 2558 eciam
917 2521 955 2557 an
973 2493 1275 2580 acerrimuslongesit

293 2593 417 2648 omnium
437 2597 528 2644 motus
548 2585 679 2640 invidiae.
722 2589 758 2653 1⁸,
775 2586 826 2653 60,
843 2587 903 2650 255.
935 2589 992 2644 Liv.
1009 2583 1168 2656 9,15,1o.

307 2699 367 2764 llle
387 2719 467 2764 vero
497 2697 742 2778 coniunctivae,
774 2697 831 2785 qui
853 2707 932 2786 post
957 2699 1054 2764 haud
1077 2701 1149 2764 ecio
1171 2723 1216 2765 aa
1238 2711 1274 2765 et

225 2787 339 2852 nescio
362 2809 409 2850 un
424 2786 578 2873 ponitur,
612 2781 650 2848 ad
669 2807 740 2848 eam
759 2784 922 2849 rationem
939 2785 1121 2850 referamus
1137 2798 1274 2852 necesse

225 2881 292 2946 est,
318 2891 416 2956 quam
433 2871 467 2934 in
487 2869 641 2934 omnibus
655 2871 822 2942 sententiis
840 2891 911 2934 non
926 2889 998 2934 rem
1013 2873 1271 2958 exponentibus,

228 2955 513 3044 sed,‘cogi'tatione
531 2957 761 3028 intercedente,
787 2955 826 3019 ab
850 2957 951 3020 animi
966 2957 1104 3021 notione
1117 2957 1271 3044 penden-

224 3044 312 3108 tibus
332 3042 623 3132 grammaticorum
641 3041 792 3104 doctrina
814 3041 964 3105 illustrat.
1014 3041 1100 3107 Nam
1122 3065 1206 3128 quae
1228 3043 1269 3107 ab
1370 3049 1371 3124 j

223 3130 419 3196 Hermanno
429 3125 468 3192 ad
481 3125 714 3212 explicandum
730 3124 818 3191 bunc
835 3127 1079 3208 coniunctivum
1090 3128 1269 3214 proposita
1370 3129 1371 3148 ¹

182 3281 185 3291 ,
226 3225 304 3278 scint
330 3217 432 3298 (quae
450 3211 522 3274 vide
540 3209 626 3295 apud
649 3207 800 3274 Beierum
815 3211 898 3276 Exc.
914 3235 950 3300 p.
966 3211 1063 3296 387.),
1085 3234 1204 3278 vereor
1225 3235 1269 3278 ue

225 3323 244 3363 e
259 3298 390 3362 nemine
406 3295 604 3392 probentur,
641 3292 747 3359 Nimis
761 3293 909 3378 subtilia,
938 3317 998 3363 nec
1015 3319 1088 3362 vera
1106 3311 1203 3375 sunt,
1234 3309 1270 3363 et

224 3403 267 3448 ex
280 3405 316 3446 ea
329 3381 488 3468 opimone
505 3391 586 3457 orta,
603 3385 668 3468 qua
678 3377 732 3445 ille
742 3380 860 3468 ubique
876 3379 1000 3447 interro
1024 3385 1169 3448 ationem
1183 3399 1269 3471 sup—

250 3490 349 3533 onere
365 3475 500 3531 conatus
516 3477 575 3532 est.
620 3465 683 3532 Sed
700 3467 983 3553 quemadmodum
997 3407 1037 3532 bt
1049 3470 1085 3534 in
1104 3469 1268 3534 aliisver·

223 3492 292 3630 bis,
317 3552 352 3618 in
366 3551 428 3616 hac
449 3573 583 3638 quoque
598 3550 793 3639 loquutione
809 3553 967 3618 vocabula
983 3555 1018 3622 in
1033 3574 1135 3618 unam
1151 3557 1269 3619 notio-

223 3661 321 3718 nem,
342 3659 425 3726 quae
445 3637 611 3702 modestae
635 3635 846 3702 affirmationi
869 3639 1040 3716 inserviat,
1065 3640 1111 3704 ita
1132 3650 1268 3718 coeunt,

138 3741 143 3752 ’
223 3734 261 3788 ut
275 3746 340 3810 pro
355 3722 509 3788 adverbio
525 3723 633 3810 posita
650 3723 837 3805 videantur,
865 3745 925 3789 nec
939 3723 1033 3790 verbi
1054 3719 1195 3790 modum
1209 3747 1267 3790 re-

216 3819 312 3909 gant.
356 3809 466 3888 Quare
482 3805 588 3873 oratio
603 3809 712 3896 pergit
726 3827 841 3898 saepe,
871 3810 920 3874 uti
941 3808 1087 3875 instituta
1108 3821 1174 3894 est,
1203 3833 1269 3899 per

224 3893 456 3972 indicativum,
488 3913 587 3982 quem
611 3916 681 3958 non
705 3903 775 3958 erat
797 3893 887 3981 quod
905 3896 1058 3960 Vorstius
1081 3919 1117 3984 p.
1140 3901 1216 3962 239.
1233 3908 1269 3962 et

223 3981 387 4046 Weberns
430 3984 513 4044 ‚te
538 3980 827 4066 reprehenderent.
871 3979 1082 4046 Gemhardus
1107 4003 1268 4070 graecum

221 4085 320 4131 usum
346 3999 527 4143 verborum
546 4057 721 4147 δῆλονὸτι,
760 4059 816 4130 οἶδ’
845 4057 891 4130 ὅτι
919 4067 1134 4155 comparavit.
1174 4069 1266 4139 ,Bre-

170 4211 177 4215 .
221 4151 368 4219 mitae-,in
387 4149 492 4219 libro:
506 4147 692 4241 „Puttoloffi
721 4149 890 4240 Betroge
914 4171 976 4222 aue
999 4152 1062 4222 der
1084 4152 1266 4257 Schwartz.
