2676 4748
480 298 549 378 ,1,
574 296 646 378 ΑΒ,
689 267 780 362 niis.
974 307 977 314 ¹
1092 301 1132 364 n

134 465 158 506 .’
189 454 253 504 Plin.
278 451 345 502 Hist.
369 454 422 502 nat.
446 449 487 517 18,
509 453 551 513 12,
573 451 617 506 83.
643 463 730 508 serere
747 469 795 508 eos
811 446 872 527 *qua
889 442 960 508 velis
976 465 1049 509 terra
1065 453 1131 509 licet

151 536 306 595 uiridibus
336 532 511 589 Octobrisin
539 537 680 590 Caletrdas
699 535 878 592 Novembres.
905 540 958 590 Cic.
983 539 1076 609 Philip.
1101 540 1128 606 2,
1211 525 1213 532 ,

148 619 269 685 41,104.
288 619 324 674 ab
340 619 409 672 liora
423 624 508 674 tertia
527 621 680 677 bibebatur.
699 624 813 674 Martial.
832 624 874 686 10,
892 621 934 685 82,
955 624 980 675 2.
1001 644 1020 675 a
1037 623 1130 677 media
1159 633 1162 636 '

148 720 229 760 nocte
256 715 369 780 togatus
385 722 441 758 ero.
477 707 603 770 Quinctil.
619 709 706 760 instit.
725 691 750 774 2,
772 707 814 772 17,
837 697 877 761 12.
897 706 933 760 alr
953 705 1044 763 initio.
1071 711 1127 760 Te·
1196 699 1210 718 ⁴
1270 759 1273 766 ,

147 806 217 846 reru.
233 794 311 843 Andr.
332 791 363 854 1,
384 791 415 856 1,
436 791 478 842 21.
497 811 554 845 rem
574 813 683 846 omnem
704 814 721 844 a
739 795 878 864 principio
896 793 1004 847 audies.
1022 797 1063 845 Ita
1076 813 1126 846 ex-

146 874 283 948 plicandus
306 888 347 929 est
370 878 494 940 Quinctil.
518 881 604 932 Instit.
626 880 709 941 2,1,,
725 878 801 932 8.·si
819 877 912 932 rhetor
927 883 1019 946 prima
1035 883 1128 947 operis

146 955 192 1018 sui
214 958 313 1034 officia
340 975 545 1027 nonreousat,
575 985 592 1016 a
608 959 813 1016 narrationibus
831 967 927 1016 statim
946 975 973 1016 et
991 961 1128 1016 laudandi
1210 982 1212 990 ’

145 1049 380 1121 vituperandique
399 1049 544 1119 opusculis
565 1069 629 1102 cura
648 1052 707 1103 eius
723 1047 904 1102 desideratur.
938 1051 990 1112 Qui
1007 1069 1025 1101 a
1040 1049 1127 1117 expli-

145 1145 209 1186 cant
229 1147 314 1204 post,
338 1152 441 1186 ornnem
463 1135 517 1188 loci
539 1152 641 1186 sensum
658 1143 821 1203 pervertunt.
840 1159 843 1168 ·
859 1137 898 1184 De
916 1135 1001 1186 verbis
1016 1156 1033 1186 a
1048 1153 1128 1187 mane

142 1220 196 1272 vid.
224 1222 299 1270 Parni
323 1221 411 1271 Lexic.
438 1220 497 1276 crit.
511 1239 537 1287 p.
554 1217 580 1271 8.
614 1221 653 1269 De
675 1220 727 1270 alio
745 1237 792 1270 usu
808 1220 1083 1291 verborumaprimo
1102 1233 1129 1271 et
1156 1230 1158 1246 ¹

145 1305 182 1358 atr
206 1308 288 1358 initio
309 1306 422 1402 posthac
441 1293 580 1374 *loquuturi
597 1321 691 1354 sumus.
726 1307 783 1371 Quo
803 1304 928 1356 differant
950 1303 985 1358 ab
1002 1309 1082 1360 inlti'o
1101 1316 1128 1357 et

141 1413 158 1444 a
173 1395 317 1461 principio
334 1391 456 1458 exposuit
469 1392 515 1442 Ch.
530 1390 665 1440 Ernestiue
679 1389 812 1458 inSynon.
830 1390 889 1458 p.1.

172 1476 318 1543 Temporis
341 1476 445 1527 initium
467 1493 544 1544 saepe
567 1491 583 1524 a
605 1475 682 1524 rebus
701 1469 885 1542 apparentibus
904 1476 945 1526 vel
961 1475 1025 1548 nnus
1041 1475 1127 1525 deno-

143 1564 268 1613 minatur.
303 1562 390 1612 Livius
421 1543 475 1626 27¹¹,
493 1561 526 1624 2,
542 1559 567 1610 9.
598 1559 722 1617 Romani
742 1557 777 1610 ab
802 1558 862 1611 sole
879 1571 941 1613 orto
959 1563 988 1635 iu
1011 1559 1128 1612 multum

146 1649 202 1702 diei
226 1655 325 1701 stetere
348 1650 377 1700 in
392 1649 459 1698 acie.
494 1649 578 1697 Varro
600 1645 633 1694 de
655 1647 687 1695 R.
708 1647 740 1696 R.
758 1643 838 1710 t,'t‚
871 1643 912 1694 18.
927 1664 998 1703 nunc
1011 1643 1128 1714 appello

138 1730 290 1802 foeturam
313 1752 331 1792 a
355 1741 489 1802 conceptu
516 1730 554 1783 ad
579 1739 700 1799 partum.
729 1728 747 1780 i.
762 1749 784 1781 e.
807 1749 821 1781 a
846 1736 988 1799 conceptus
1002 1739 1132 1797 tempores

143 1820 196 1868 oie.
219 1816 252 1867 de
263 1818 334 1883 Lege
352 1835 407 1884 agr.
424 1817 451 1880 2,
471 1817 514 1880 21,
535 1814 576 1867 56.
598 1814 712 1884 infinito
728 1834 762 1868 ex
779 1827 916 1888 tempore,
936 1834 1008 1879 uon,
1029 1826 1061 1867 ut
1079 1834 1130 1867 aa·

144 1914 198 1963 tea,
220 1900 256 1952 ab
279 1899 360 1953 Sulla
381 1914 410 1954 et
425 1902 558 1972 Pompeio
575 1899 742 1954 consulibus.
779 1904 883 1954 Cornel.
897 1910 951 1952 ntt.
966 1901 999 1964 5,
1018 1901 1043 1953 3.
1068 1919 1128 1952 curu

145 2007 197 2061 quo
224 2007 241 2038 a
257 1986 482 2055 condiscipulatu
503 1985 617 2044 vivebat
633 1985 864 2042 coniunctissime.
897 1988 949 2038 Sed
964 1988 1059 2036 falsum
1076 1996 1134 2047 est,-

139 2075 215 2143 quod
239 2073 462 2140 praepositionem
484 2073 512 2124 in
533 2073 575 2124 his
598 2071 919 2137 castramentati,
938 2071 963 2136 6,
984 2071 1025 2133 17.
1065 2069 1130 2124 Gat-

111 2201 113 2206 .
143 2158 275 2214 listlrenis
292 2154 457 2235 philosophi
476 2175 588 2226 preces,
608 2155 835 2224 condiscipulatu
857 2155 935 2226 apud
948 2154 1131 2224 Aristotelem

139 2243 300 2318 familiaris
319 2241 372 2298 illi.
408 2247 455 2294 Est
476 2241 546 2292 enim
562 2241 606 2290 hic
623 2240 750 2300 ablativus
766 2242 898 2300 caussalis.

159 2351 267 2434 Saepe
291 2345 422 2410 additur
447 2342 646 2409 vocabulum
669 2341 761 2418 inde.
930 2375 944 2409 r
999 2408 1000 2412 η

97 2521 100 2526 ¹
178 2451 271 2502 Livius
288 2450 314 2511 1,
333 2445 359 2510 5,
382 2443 406 2497 5.
434 2448 490 2500 ianr
515 2444 580 2499 inde
597 2443 633 2496 ab
656 2445 749 2498 initio.
773 2443 805 2506 2,
821 2440 872 2506 66,
890 2443 914 2493 7.
940 2447 996 2497 ianr
1014 2443 1130 2522 induat

147 2533 260 2606 infelici
295 2551 390 2606 pugna
419 2533 572 2604 castrisque
604 2532 717 2585 amissis
748 2529 902 2586 cecideruut
933 2531 1029 2583 aninri.
1068 2531 1129 2582 Alia

147 2625 197 2674 rid.
217 2623 264 2672 snb
280 2641 302 2672 v.
318 2619 391 2675 inde.

151 2717 198 2788 2.
227 2723 353 2786 Deinde
377 2722 632 2809 perpetuitatem
655 2719 817 2804 temporis
835 2717 1131 2804 designamusnon

89 2819 209 2873 tantum
234 2833 251 2871 a
276 2819 367 2876 certo
379 2807 539 2892 ‘quodam
554 2805 638 2866 initii
655 2804 800 2866 termino
820 2813 987 2883 exeuntes,
1010 2803 1067 2866 sed
1084 2805 1130 2866 si-

88 2897 277 2959 multotum
296 2893 440 2981 spatium
458 2915 522 2963 una
539 2887 842 2976 comprehensione
858 2888 1127 2975 complectentes.

88 2981 147 3045 Nos
165 2981 307 3045 dicimus
323 2980 398 3042 seit.

179 3085 235 3134 Cic.
261 3083 294 3132 de
315 3083 374 3134 niv.
394 3081 425 3144 1,
442 3077 492 3145 61,
516 3075 573 3129 115.
589 3079 662 3130 uiuit
678 3075 714 3130 alr
731 3078 808 3149 onrni
821 3078 994 3149 aeternitate.
1009 3075 1042 3150 de
1060 3077 1132 3126 Orat.

144 3169 177 3234 3,
192 3171 221 3232 2,
236 3167 261 3218 7.
280 3185 368 3220 annus
382 3168 488 3235 primus
506 3161 541 3214 ab
560 3161 694 3216 lronorum
713 3158 920 3233 perfunctione.
937 3177 990 3210 non
1008 3160 1134 3228 intelligit

147 3273 241 3306 annum
257 3253 368 3322 primum
382 3260 442 3318 post
455 3241 584 3298 honorum
601 3249 824 3320 perfunctionem,
843 3248 888 3298 scd
903 3245 1016 3314 pslmum
1033 3245 1061 3294 in
1076 3247 1134 3314 ipsa

147 3321 343 3406 perfunctione.
370 3332 670 3401 Caes..B.Gall.8‚1,
689 3334 712 3383 1.
744 3333 846 3388 Caesar
861 3349 943 3405 quum
958 3351 976 3383 a
992 3333 1135 3400 superiore
1196 3347 1201 3368 ¹

147 3435 258 3484 aestate
291 3420 398 3480 nullum
434 3415 560 3480 bellandi
588 3429 695 3488 tempus
729 3419 929 3472 intermisisset.
964 3416 1083 3473 Glnrkius
1107 3425 1134 3466 et
1186 3466 1189 3474 ,
1221 3459 1227 3472 ,

147 3511 266 3560 Davisius
282 3507 440 3564 abiiciehaut
455 3504 692 3572 praepositionem:
710 3520 786 3568 qnam
801 3513 831 3552 nt
849 3501 1132 3564 defenderet'ouden-

148 3595 257 3661 ‹lorpius
280 3593 444 3660 intelligebat
457 3599 581 3645 aestatem
594 3573 784 3656 'praecedentis
806 3587 881 3638 anni:
911 3583 982 3652 quod
996 3602 1027 3634 ea
1035 3624 1042 3648 ,
1068 3602 1134 3653 quae

112 3721 128 3736 ,,
150 3691 308 3746 sequuntur„
324 3695 377 3738 non
397 3675 545 3767 admittunt.
579 3677 627 3724 Est
645 3692 725 3733 vero,
746 3690 800 3741 ¹per
813 3659 938 3722 aestatem
953 3670 1013 3721 iude
1028 3670 1060 3721 ab
1078 3669 1133 3720 eius

149 3765 236 3816 initio.
273 3765 341 3818 ilinc
363 3761 460 3821 dieitur
485 3779 503 3810 a
521 3757 616 3812 multis
632 3760 730 3818 anuis,
757 3754 916 3812 seirvtelen
929 3753 1040 3810 tatros.
1076 3755 1133 3805 Lur-

150 3869 207 3900 can.
222 3850 255 3912 3,
278 3847 337 3900 156.
356 3846 453 3900 inultis
468 3849 590 3900 intactus
607 3839 642 3896 ab
657 3847 749 3896 anuis.

168 3929 215 3997 3.
238 3933 440 3998 Peculiarem
472 3950 571 3992 usum
597 3929 803 3992 constituunt
828 3924 984 4004 nomina,
1015 3919 1133 4007 quibus

91 4026 237 4104 tempora
255 4019 419 4080 hnmanae
435 4015 519 4081 vitae
534 4025 565 4078 et
580 4015 694 4078 aetatis
707 4011 940 4099 significantur.
1199 4008 1202 4019 '

190 4122 297 4172 Terent.
310 4120 357 4171 Ad'.
377 4121 408 4187 l‚·
418 4118 442 4188 1,
460 4117 500 4170 16.
520 4119 575 4172 ianr
591 4115 658 4174 inde
672 4113 713 4171 als-
727 4113 923 4170 adulercentia·
941 4109 995 4161 Cic.
1010 4108 1044 4160 ad
1060 4109 1130 4158 Fam.
