2760 4748
271 355 338 427 404
397 315 402 323 ’
724 347 875 416 araca.

625 435 631 464 1

271 509 347 573 aliis
362 501 652 571 'exclamationibus
700 523 737 568 er
754 503 818 586 ab,
839 521 899 580 eo,
917 521 987 586 pro
1012 497 1179 564 formatis.
1209 498 1317 578 Quare

112 617 120 642 t
195 639 197 646 ι
277 615 381 682 quum
397 592 528 671 Plautus
544 523 740 653 (1151111151.
755 591 859 669 3‚·2,
882 588 954 650 159.
972 608 1088 672 apage
1105 586 1211 648 istum
1227 608 1250 646 a
1268 607 1317 648 me

269 678 520 766 perductorem,
535 697 605 739 non
620 675 708 738 idem
724 685 772 738 est
787 671 889 758 quod,
902 669 1005 758 abige
1021 695 1045 734 a
1059 671 1230 734 maiouim
1238 692 1316 754 per-

275 765 459 830 ductorem.
502 759 602 826 Verbi
623 759 718 824 notio
734 757 911 842 evanescitt
933 779 1011 822 nam
1051 756 1118 820 uod
1139 756 1175 818 in
1196 757 1315 842 graecis
1354 801 1355 822 2

275 872 407 937 semper
422 846 565 912 refertur
581 845 621 910 ad
636 867 815 933 personam
830 843 991 929 aliquam,
1014 780 1049 930 id
1071 843 1107 904 in
1127 840 1234 904 latino
1257 863 1316 904 vo·

200 964 202 968 ·
270 937 393 1017 cabulo
408 933 515 998 induit
529 931 762 997 interiectionis
782 927 939 993 formam.
982 927 1095 1012 Igitur
1110 927 1201 1011 quod
1223 949 1315 1012 saepe
1354 929 1355 984 1

235 1025 238 1030 ’
275 1023 522 1104 diciturapage
536 1029 569 1081 te
585 1041 609 1080 a
624 1039 688 1090 me,
708 1037 779 1080 non
793 1016 971 1078 arctiorem
983 1011 1315 1076 habet‘oonstructio-

251 1131 371 1178 5555,
392 1125 491 1192 quarn
509 1123 611 1188 quum
627 1101 740 1188 Lydus
756 1101 843 1188 apud
866 1099 1148 1184 Plautumnsecum
1172 1097 1316 1182 loquitur

273 1190 393 1260 Bacch.
410 1195 451 1266 δ,
482 1194 519 1267 1,
537 1189 569 1252 5.
592 1209 710 1274 apage
724 1187 812 1250 istas
833 1209 857 1249 a
872 1205 929 1250 me¹
943 1205 1087 1248 sorores.
1130 1181 1315 1269 1115515155-

270 1299 339 1365 ·que
353 1273 437 1340 uerti
453 1271 568 1338 debet.-
590 1294 669 1358 weg
684 1272 832 1342 cou‘mir
845 1271 908 1334 mit
923 1267 991 1334 dir.

355 1393 501 1457 Vtuntur
523 1391 628 1456 Latini
646 1390 709 1456 hac
732 1389 880 1456 formula
910 1390 947 1452 in
974 1387 1173 1452 amoliendis*
1201 1395 1234 1452 et
1263 1411 1315 1452 re-

212 1550 221 1558 ,
273 1479 419 1546 1151555115
434 1477 531 1542 rebus
546 1477 613 1541 sive
632 1475 845 1557 horninibus,
867 1475 924 1540 sed
942 1483 1073 1539 tantum
1087 1473 1122 1538 in
1136 1471 1316 1538 vehementi

275 1563 600 1652 atquciracundoxet
622 1560 809 1627 fastidiente
825 1583 997 1638 sermone,
1025 1581 1115 1641 non,
1143 1567 1179 1620 ut
1203 1560 1314 1623 Graeci
1354 1599 1355 1604 κ

119 1711 124 1718 .
273 1650 442 1717 interdum
461 1648 579 1730 solent,
595 1648 630 1710 in
649 1648 825 1734 tranquilla
843 1645 1111 1732 compellatione.
1132 1643 1223 1724 conf.
1242 1643 1314 1708 Eur.
1354 1649 1355 1724 ᾗ

153 1733 158 1749 “
273 1737 399 1802 Phoco.
431 1737 524 1799 1747.
582 1731 799 1796 Vehementia
832 1731 1048 1796 exsecrationi
1070 1730 1228 1818 proxima
1260 1754 1313 1794 ex·
1354 1733 1355 1800 ζ

274 1821 432 1910 primitur
455 1818 489 1880 in
513 1817 616 1880 Plaut.
638 1817 742 1880 Mero.
767 1823 803 1900 1,
836 1823 875 1898 2,
900 1823 953 1882 33.
984 1841 1007 1880 a
1033 1839 1101 1902 age
1125 1816 1314 1879 istiusmodi
1354 1827 1355 1898 1

130 1964 137 1974 .
179 1955 182 1959 -
273 1907 436 1978 sulutem,
453 1925 529 1966 cum
544 1901 699 1966 cruciatu
714 1925 800 1990 qaae
817 1899 967 1966 advenit.
1044 1903 1164 1980 rin.2,
1185 1903 1226 1982 4.,
1247 1907 1313 1965 136.
1354 1915 1355 1924 ’

121 2013 128 2020 ·
157 2061 160 2065 ,
192 2013 197 2022 ’
270 1993 389 2080 Neque
403 1987 600 2052 vocabulum
615 1987 679 2061 sis,
709 1989 797 2074 quod
820 1986 992 2062 adhaeret,
1022 1985 1109 2050 exsi
1125 1987 1174 2049 vis
1197 1999 1313 2066 ortum,

271 2076 536 2142 blandimentum
553 2073 742 2160 quoddam,
763 2083 819 2136 aut
833 2069 1076 2156 mitigationem
1101 2071 1188 2134 inse
1211 2073 1313 2152 babet,
1354 2103 1355 2144 3

190 2233 200 2246 ,
254 2157 917 2250 1555155555115551155555555555155155.
972 2158 1025 2221 Sic
1050 2157 1311 2232 Plaut.P0en.1‚
1354 2153 1355 2242 1

272 2249 385 2323 2,15.
418 2263 534 2332 apage
553 2246 601 2308 sis
625 2245 925 2332 negotiquaatum
949 2243 987 2307 ia
1011 2239 1154 2312 muliere
1171 2263 1241 2307 una
1257 2256 1312 2308 est.
1354 2253 1355 2312 1

159 2387 162 2395 s
270 2336 387 2414 Quare
403 2331 487 2394 nihil
501 2329 657 2395 differunt
673 2353 790 2417 apage
804 2341 839 2394 et
853 2351 970 2416 apage
985 2328 1042 2392 sis.
1071 2328 1209 2392 Confer.
1217 2329 1312 2392 Plaut.
1354 2329 1355 2416 1

272 2419 369 2482 Trin.
389 2420 429 2494 2,
449 2421 489 2493 ’1,
516 2421 568 2479 31.
592 2438 669 2480 cum
691 2439 723 2484 u·
742 2414 795 2481 25.
846 2413 984 2502 Proprie
1007 2413 1128 2476 dicitur
1146 2415 1187 2478 de
1210 2415 1312 2492 rebus,

274 2519 357 2588 quae
373 2519 445 2562 non
469 2498 619 2584 placent,
646 2509 756 2587 'raeque
784 2499 963 2588 approbari
983 2509 1139 2585 possunt.
1190 2501 1313 2580 Quam-

263 2588 392 2656 obrem
405 2593 588 2670 sequuntur
608 2585 707 2649 verba
733 2585 940 2672 conplacet.
971 2584 1036 2651 vid.
1061 2583 1168 2648 Plaut.
1191 2585 1263 2652 Mil.
1282 2591 1312 2666 2,

271 2679 313 2751 a,
333 2672 388 2738 55.
416 2667 539 2756 Amph.
559 2675 655 2752 1-‚·1,
671 2670 749 2771 ist.

271 2856 274 2862 Ι
347 2791 353 2812 l
385 2787 715 2856 laurisannum.
741 2779 1313 2861 5553515,55551555515555155555

338 2873 494 2926 restituendi
513 2895 605 2930 caussa
632 2879 798 2938 Hermannus'
819 2875 927 2943 scripsit
946 2895 964 2928 a
983 2893 1027 2928 mc
1046 2878 1158 2945 apage:
1187 2894 1311 2944 5155555-
1354 2861 1355 2922 1

242 2981 268 3011 κ
339 2955 433 3010 boram
462 2961 553 3013 ordine
578 2953 655 3014 nemo
677 2977 797 3030 umquam
814 2959 944 3028 loquutus
968 2970 1019 3011 est.
1041 2961 1084 3008 ‘In
1101 2961 1223 3013 Trinum.
1242 2949 1275 3025 4,
1291 2961 1311 3018 l,
1354 2945 1355 3030 1

340 3043 383 3100 19.
407 3045 512 3099 codices
528 3063 617 3098 omnes
640 3047 772 3114 praebent.
785 3049 878 3116 opaga
895 3042 938 3097 oio
955 3047 1004 3108 sis,
1026 3044 1097 3113 quod
1111 3047 1256 3098 Lambinus
1270 3063 1312 3096 ex-
1354 3043 1355 3088 1

338 3129 435 3197 plicat:
455 3133 538 3184 abduc
556 3149 597 3182 me
606 3168 614 3194 ‚
635 3132 658 3182 si
675 3131 729 3194 vis,
757 3147 772 3180 5
788 3131 855 3180 mari
871 3131 913 3181 rel
928 3147 944 3180 a
957 3131 1039 3186 tantis
1057 3139 1086 3182 et
1100 3131 1200 3181 talibus
1216 3124 1312 3200 pericn-

338 3214 381 3266 115.
413 3216 467 3292 bed
481 3215 614 3266 Acidaliae
633 3214 725 3266 statuit
743 3214 908 3272 scribendum
926 3232 983 3267 esse
1000 3223 1046 3268 aut
1061 3231 1155 3286 apage
1173 3225 1212 3278 ts=
1223 3219 1262 3270 sis
1275 3222 1313 3266 aut
1354 3215 1355 3288 1

339 3317 358 3348 a
375 3316 418 3352 ors
436 3301 484 3353 515.
708 3291 713 3307 “
1282 3315 1285 3318 ·
1354 3291 1355 3312 ¹

168 3402 171 3410 '
264 3395 406 3464 'Praeter
438 3397 585 3476 comicos
620 3411 732 3490 poetas
761 3400 823 3467 hac
861 3400 1008 3468 formula
1046 3401 1071 3466 ii
1107 3409 1241 3468 tantum
1273 3399 1313 3464 uti

269 3494 438 3632 poterant,
460 3488 514 3572 qui
531 3489 567 3552 in
584 3488 732 3573 epistolis
751 3497 784 3553 et
803 3486 939 3562 indialo
965 3490 990 3552 is
1006 3511 1199 3552 sermonem
1218 3487 1313 3552 fami-

285 3571 394 3636 iariter
424 3571 633 3658 loquentium
664 3573 884 3660 imitarentur.
942 3511 986 3638 15
1016 3573 1186 3638 Ciceronis
1227 3572 1312 3636 libris

198 3719 201 3724 ,
270 3655 400 3721 nullum
419 3659 610 3744 exempIum
631 3656 764 3720 obvium
787 3667 846 3721 cst.
889 3658 975 3723 Nam
994 3658 1083 3746 quod
1100 3660 1134 3722 in
1157 3659 1314 3745 aliquibus

271 3739 439 3807 codicibus
464 3743 564 3808 Tusa.
587 3743 784 3822 2.18,12.
809 3741 929 3832 legitur
953 3744 996 3808 de
1019 3739 1268 3808 exercitatione
1288 3751 1314 3804 et

269 3827 509 3894 consuetudine
525 3843 559 3894 et
575 3829 858 3894 commentatione
874 3827 959 3893 dixi.
1003 3829 1129 3916 Apage
1148 3830 1208 3902 sis,
1232 3847 1315 3892 5555

271 3893 318 3994 de
335 3913 472 3993 ratione
493 3915 678 3982 videamus.
698 3913 754 3990 id·
771 3923 882 4002 aperte
903 3915 1026 3979 falsum
1051 3925 1109 3979 cst.
1163 3913 1316 3978 Gebhar-

161 4046 165 4052 .
226 4013 227 4018 ¹
270 3994 330 4093 dus
353 3997 388 4060 in
418 4009 559 4084 quatuor
583 3999 737 4100 palatinis
770 3999 899 4069 invenit
922 4021 1058 4086 agoge,
1096 3999 1187 4084 quod
1210 3999 1314 4061 miror

269 4092 366 4146 etiam
385 4106 402 4146 a
421 4085 568 4150 Gesncro
585 4111 619 4151 rn
634 4083 735 4150 Thes.
753 4089 879 4172 p..382.
901 4085 1083 4171 probatum
1102 4083 1312 4172 esse‘graeco

235 4159 237 4162 ’
266 4185 329 4233 tteu
344 4161 435 4235 verbi
450 4167 549 4257 ἄγαγε.
589 4169 740 4283 *Vatinius
767 4169 1314 4260 aaue.up.5,10‚2·apage
