2760 4748
63 305 133 414 ᾗΙ
242 309 305 374 410
422 269 509 310 '¹
681 246 970 368 'arvum

310 469 363 516 tur.
395 415 436 514 Die
448 475 502 514 uno
517 466 589 514 certo
604 459 760 529 sqriptomm
774 459 835 512 loco
851 457 926 512 etde
947 457 1021 516 libris
1040 459 1105 528 ipsis
1127 459 1176 528 qui
1192 458 1284 530 loqui·

309 558 365 614 tur,
380 557 424 599 aut
439 545 517 617 apud
534 557 656 615 usurpat,
674 557 718 598 aut
732 547 761 598 in
774 545 848 598 addit
862 544 961 596 nomini
976 544 1046 597 libri.

238 681 241 690 ·
281 661 284 668 ’
325 655 357 716 7.
393 649 648 736 Propinquitatis
677 632 793 729 notio,
827 669 910 734 qnae
939 645 1016 710 huic
1044 645 1284 733 praepositioni

241 735 354 800 innata
370 745 416 799 est
426 785 435 816 ,
456 736 691 800 creberrimum
707 756 804 798 usum
823 733 1009 812 constituit,
1027 754 1093 819 quo
1108 733 1203 795 locus
1221 734 1282 798 ali·

243 822 334 888 cuius
355 843 516 908 personae
530 831 675 888 notatur.
720 821 831 900 Quare
846 819 964 900 dicitnr
978 819 1024 882 ita
1040 828 1071 882 et
1087 817 1128 882 de
1139 817 1202 896 ¹iis,
1226 823 1282 905 qui

243 929 320 979 enm
336 908 445 993 aliquo
463 917 650 987 versantur,
679 915 712 970 et
727 907 767 970 de
782 906 820 970 iis
839 901 956 984 rebus,
985 927 1068 991 quae
1088 904 1123 968 in
1148 901 1281 980 alieuius

241 991 389 1058 hominis
407 1003 568 1080 potestate
590 1002 622 1056 et
644 992 785 1078 imperio
805 1001 891 1057 sunt.
942 985 1019 1070 Qud
1044 990 1202 1077 proxime
1226 1015 1281 1056 ac-

242 1078 329 1143 cedit
345 1078 440 1164 apzrd
455 1077 494 1142 ad
511 1078 536 1142 si
562 1076 781 1149 nificationem
804 1075 953 1142 vocabuli
966 1099 1080 1164 peries.
1122 1075 1213 1142 Haec
1231 1089 1282 1143 ta-

241 1187 321 1234 men
335 1166 421 1236 inter
436 1187 469 1228 se
483 1102 631 1244 diflirre,
656 1164 723 1227 iam
740 1163 849 1230 Festus
866 1172 899 1226 et
914 1161 1071 1248 leianus
1087 1159 1282 1230 observave-

240 1259 332 1316 runt.
374 1249 486 1314 Festus
505 1249 610 1312 enim:
636 1249 753 1333 apud
768 1260 801 1313 et
812 1269 943 1334 penes
960 1248 996 1310 in
1014 1249 1077 1311 lice
1102 1246 1141 1310 di
1167 1244 1282 1314 erunt.-

241 1333 331 1422 quod
350 1333 496 1398 alterum
512 1330 699 1420 personam
720 1357 796 1397 earm
817 1334 891 1398 loco
911 1329 1107 1420 significat:
1137 1335 1284 1399 alterum

197 1498 201 1510 ι
234 1443 421 1507 personum
438 1431 470 1484 et
485 1419 675 1484 dominium
691 1443 732 1483 ac
740 1431 967 1505 potestatem,
989 1417 1079 1506 quad
1094 1421 1245 1485 trahitur
1259 1445 1283 1486 o

234 1507 387 1605 pertitus.
429 1507 588 1594 leianus
602 1505 638 1580 in
653 1505 776 1593 Digest.
792 1508 851 1581 50,
879 1509 936 1581 16,
961 1508 1014 1568 63.
1026 1527 1132 1590 penes
1150 1516 1184 1569 te
1206 1529 1282 1570 am-

139 1638 142 1643 s
235 1591 330 1679 plius
347 1603 397 1658 est
416 1615 518 1680 piram
534 1591 630 1679 apud
648 1603 699 1655 te.-
721 1599 803 1656 ham
821 1589 924 1676 'apud
941 1601 974 1654 te
989 1601 1039 1654 est
1060 1589 1151 1677 quod
1168 1593 1282 1678 quali-

239 1689 294 1743 ter
330 1678 457 1742 realiter
469 1703 492 1742 a
508 1689 540 1742 te
554 1689 728 1742 teneatur.-
755 1699 858 1763 penes
874 1688 907 1740 te
920 1688 986 1751 est,
1011 1675 1101 1766 quod
1115 1676 1282 1764 quiedam-

235 1701 342 1828 niodo
367 1763 576 1848 possidetur.
626 1761 732 1848 Apud
761 1761 919 1850 significat
946 1762 1081 1848 proprie
1111 1773 1282 1828 externam
1363 1779 1364 1842 ζ

240 1849 497 1913 collocationem
514 1857 546 1918 et
560 1849 802 1933 possessiouem
817 1858 849 1911 et
866 1847 1046 1912 custodiam
1055 1894 1065 1923 ,
1091 1870 1206 1933 penes
1223 1873 1281 1913 au·
1363 1881 1364 1894 κ

148 1955 151 1968 ¹
239 1945 309 1997 tem
324 1933 489 1998 internam
506 1931 794 2008 coniunctionem,
818 1935 929 2017 quain
946 1933 1053 2018 ipsam
1076 1955 1151 1997 rem
1172 1937 1281 2022 possi-

157 2068 162 2082 .
241 2019 349 2084 dendo
365 2018 425 2082 vel
445 2017 639 2104 imperando
657 2013 829 2103 penetrare
851 2016 1019 2096 videmur,
1047 2017 1190 2105 ideoque
1211 2044 1281 2086 eam

163 2147 169 2164 .
234 2114 346 2170 totam
373 2103 514 2168 firmiter
541 2113 691 2182 tenemus
725 2111 757 2165 et
781 2111 944 2192 potestate
973 2103 1129 2189 regimus.
1183 2107 1279 2189 Haec,
1363 2131 1364 2138 ¹

239 2197 285 2258 ut
300 2188 357 2270 fit,
374 2189 484 2268 ‚facile
508 2186 773 2263 confunduntur:
806 2188 842 2252 in
873 2185 952 2251 iuris
982 2185 1136 2252 formulis
1164 2190 1281 2256 distin·
1363 2257 1364 2274 χ

162 2345 170 2358 s
240 2277 306 2343 ctio
330 2275 426 2344 valet.
533 2325 538 2347 ,
920 2275 922 2278 ’
960 2289 963 2294 ’
1144 2353 1147 2356 ,

281 2433 284 2444 y
342 2378 511 2430 Godofredus
532 2377 567 2428 ad
587 2377 676 2428 locum
690 2375 815 2446 leianir
841 2373 930 2444 „apud
946 2389 1022 2443 quern
1038 2393 1082 2428 res
1104 2385 1159 2440 est,
1186 2379 1281 2448 iseum

243 2497 246 2503 -
303 2463 524 2518 tancredicitur:
544 2479 625 2532 penes
648 2480 724 2529 quem
745 2480 775 2514 ea
794 2469 851 2525 est,
867 2457 1018 2529 possidere:
1035 2451 1094 2529 pl'us
1109 2461 1174 2512 iuris
1194 2473 1234 2514 est
1253 2463 1280 2514 in

306 2547 359 2603 hoc
374 2564 450 2615 quam
464 2547 492 2596 in
507 2545 564 2596 illo.
599 2546 668 2596 nlud
691 2546 869 2602 detentionem
892 2553 919 2596 et
936 2543 1008 2612 quasi
1026 2546 1172 2598 custodiam
1187 2549 1280 2614 innuit,

304 2650 445 2702 personam
459 2642 486 2684 et
503 2631 607 2682 locum:
622 2630 674 2682 hoc
688 2639 859 2705 potestatem,
885 2629 943 2693 ius,
964 2629 1114 2682 dominium.
1148 2635 1281 2686 interdum

304 2729 392 2770 umen
406 2719 453 2770 illa
469 2719 519 2770 duo
535 2715 756 2770 confunduntur.“
792 2713 868 2765 Gonf.
883 2715 1011 2783 Dacerius
1025 2715 1058 2766 ad
1072 2720 1179 2770 Festum
1196 2739 1221 2788 p.
1235 2717 1278 2772 33.
1363 2755 1364 2776 ,

228 2849 232 2864 ,
305 2803 403 2854 Durer.
419 2803 452 2856 de
467 2803 553 2856 Latin.
571 2803 711 2854 Iuriscons.
725 2819 752 2868 p.
765 2798 825 2852 207.
844 2801 894 2852 Gn.
911 2804 966 2852 Ott.
981 2801 1066 2854 Reizii
1080 2821 1151 2872 spec.
1164 2805 1279 2874 psendo—
1363 2861 1364 2870 ἵ

305 2905 362 2958 syn.
376 2888 404 2938 in
417 2889 491 2940 Misc.
507 2891 614 2942 Observ.
634 2889 667 2939 T.
683 2885 724 2938 10.
739 2905 765 2956 p.
781 2881 840 2937 148.
1213 2939 1215 2947 ,

340 2975 412 3024 Curt.
436 2971 469 3040 7,
488 2973 521 3040 2,
543 2973 584 3026 18.
610 2972 665 3026 duo
682 2969 803 3036 Arabes,
832 2961 946 3043 qnorum
969 2973 1078 3028 interim
1099 2957 1232 3044 coniupes
1248 2992 1280 3026 aa

195 3099 196 3104 ,
304 3057 387 3116 libert
402 3057 545 3120 vinculum
557 3057 648 3129 fidei,
669 3053 780 3109 obsides
796 3055 874 3126 apud
890 3075 981 3128 regem
998 3063 1094 3123 erant,
1115 3057 1179 3112 dati
1200 3060 1280 3113 comi·

305 3157 355 3198 tes.
392 3145 480 3217 Apud
494 3140 619 3218 inferos,
639 3139 847 3220 apudflsupe'ros
879 3151 958 3193 notae
975 3153 1040 3225 'sunt
1064 3131 1204 3195 formulae.
1227 3145 1278 3196 vid.

304 3231 443 3285 vavassor.
457 3227 593 3280 Antibarb.
609 3246 636 3296 p.
653 3222 715 3278 486.
733 3224 821 3294 Apud
840 3229 990 3280 exercitum
1007 3219 1074 3283 οπο.
1092 3229 1148 3280 cic.
1165 3229 1278 3282 inVerr.
1363 3279 1364 3304 ἒ

264 3312 272 3323 “
305 3311 469 3383 4,22‚49.
492 3323 520 3364 et
540 3311 606 3366 Plin.
629 3309 797 3376 Bisanssd,
818 3309 867 3378 11,
889 3308 1025 3386 50.quotl
1045 3313 1279 3384 Xllpondoar.
1363 3307 1364 3330 ³

198 3399 200 3408 ’
305 3403 386 3473 genti
400 3395 631 3470 habuissctapud
644 3401 801 3452 exercitum.
868 3421 901 3434 ν’

339 3488 380 3537 De
393 3483 480 3558 verbis
495 3484 572 3553 apud
591 3483 714 3557 aliquam
734 3501 792 3538 esse
808 3483 896 3552 paullo
914 3491 976 3551 post
993 3482 1087 3534 dicam.
1195 3505 1198 3512 ·

308 3591 353 3658 ,8.
381 3588 496 3668 Quum
517 3584 609 3650 locus
631 3607 808 3673 personae,
843 3595 875 3650 et
900 3607 983 3672 quae
1008 3585 1049 3650 ad
1073 3608 1146 3670 eam
1170 3585 1279 3674 perti-

236 3683 334 3751 nent,
358 3695 411 3739 res
430 3671 495 3736 hoc
510 3671 613 3735 modo
630 3669 872 3758 significentur,
900 3671 1051 3756 vocabuli
1069 3695 1145 3736 usus
1163 3695 1201 3736 eo
1221 3693 1279 3735 us·

238 3779 303 3846 que
317 3753 550 3856 promovetur,
579 3765 616 3819 ut
637 3755 680 3820 sit
702 3780 726 3821 a
741 3768 865 3842 purte,
895 3766 992 3844 atque
1019 3781 1092 3825 eam
1112 3759 1279 3824 rationem

226 3855 422 3932 exprimat,
436 3866 519 3930 quae
540 3841 660 3924 dative,
681 3853 713 3906 et
728 3865 811 3923 eam,
833 3865 915 3930 quae
932 3843 1072 3908 ablativo
1092 3866 1168 3910 cum
1181 3865 1278 3932 prae-

125 3955 129 3958 ·
203 3977 213 3985 .-
261 3931 402 3996 ositione
424 3929 599 3996 coniuncto
624 3927 819 4016 designatur.
867 3927 1023 4004 Refertur
1046 3933 1134 3996 enim
1160 3933 1225 3994 res'
1237 3928 1278 3992 ad

189 4052 192 4066 ·
235 3953 427 4100 dominam,
448 4015 484 4078 in
499 4033 565 4100 quo
580 4013 652 4112 ipsa
665 4013 776 4080 locuni
798 4014 961 4091 obtineat,
995 4019 1085 4080 aut'a
1107 4031 1175 4104 quo
1192 4037 1276 4102 prc-

236 4101 322 4168 fecta
337 4101 493 4167 videatur.
529 4099 572 4163 Et
587 4099 780 4188 intelligitur
792 4097 956 4187 imprimis
971 4101 1098 4168 animus
1107 4151 1117 4184 ,
1142 4111 1274 4165 senten-

143 4247 145 4250 .
237 4190 298 4270 tia,
325 4187 441 4277 opinio
462 4185 661 4269 hominum,
697 4187 737 4254 ad
758 4208 865 4275 ¹quam
897 4187 1020 4274 aliquid
1044 4187 1275 4268 constituitur,

430 4378 646 4428 p.¹‚
