<?xml version="1.0" encoding="UTF-8"?>
<!DOCTYPE html PUBLIC "-//W3C//DTD XHTML 1.0 Transitional//EN"
    "http://www.w3.org/TR/xhtml1/DTD/xhtml1-transitional.dtd">
<html xmlns="http://www.w3.org/1999/xhtml" xml:lang="en" lang="en">
 <head>
  <title>
</title>
<meta http-equiv="Content-Type" content="text/html;charset=utf-8" />
  <meta name='ocr-system' content='tesseract 3.04.00' />
  <meta name='ocr-capabilities' content='ocr_page ocr_carea ocr_par ocr_line ocrx_word'/>
</head>
<body>
  <div class='ocr_page' id='page_1' title='image "./ferdinandihandi00torsgoog_0216.png"; bbox 0 0 2784 4746; ppageno 0'>
   <div class='ocr_carea' id='block_1_1' title="bbox 234 301 1289 625">
    <p class='ocr_par' dir='ltr' id='par_1_1' title="bbox 234 301 1289 625">
     <span class='ocr_line' id='line_1_1' title="bbox 239 301 1037 400; baseline -0.015 -4"><span class='ocrx_word' id='word_1_1' title='bbox 239 328 301 396; x_wconf 73' lang='lat'><em>194</em></span> <span class='ocrx_word' id='word_1_2' title='bbox 401 317 403 328; x_wconf 61' lang='lat'><strong><em>⁴</em></strong></span> <span class='ocrx_word' id='word_1_3' title='bbox 497 337 501 347; x_wconf 66' lang='grc'><em>’</em></span> <span class='ocrx_word' id='word_1_4' title='bbox 700 301 860 400; x_wconf 74' lang='lat' dir='ltr'><em>AEQVE.</em></span> <span class='ocrx_word' id='word_1_5' title='bbox 969 379 971 384; x_wconf 12' lang='lat' dir='ltr'><em>s</em></span> <span class='ocrx_word' id='word_1_6' title='bbox 1036 379 1037 384; x_wconf 9' lang='grc' dir='ltr'><strong><em>Ν</em></strong></span> 
     </span>
     <span class='ocr_line' id='line_1_2' title="bbox 234 429 1289 625; baseline -0.011 -75"><span class='ocrx_word' id='word_1_7' title='bbox 234 429 480 550; x_wconf 65' lang='lat' dir='ltr'><em>‘astucia-sthi</em></span> <span class='ocrx_word' id='word_1_8' title='bbox 497 477 627 625; x_wconf 82' lang='lat' dir='ltr'><em>opponi</em></span> <span class='ocrx_word' id='word_1_9' title='bbox 651 475 777 540; x_wconf 80' lang='lat' dir='ltr'><em>docent</em></span> <span class='ocrx_word' id='word_1_10' title='bbox 795 435 1014 540; x_wconf 66' lang='lat' dir='ltr'><em>Sdrnvartzius·</em></span> <span class='ocrx_word' id='word_1_11' title='bbox 1034 474 1070 540; x_wconf 88' lang='lat' dir='ltr'><em>in</em></span> <span class='ocrx_word' id='word_1_12' title='bbox 1094 472 1289 540; x_wconf 73' lang='lat' dir='ltr'><em>Tarsatiinc</em></span> 
     </span>
    </p>
   </div>
   <div class='ocr_carea' id='block_1_2' title="bbox 118 559 1289 654">
    <p class='ocr_par' dir='ltr' id='par_1_2' title="bbox 118 559 1289 654">
     <span class='ocr_line' id='line_1_3' title="bbox 118 559 1289 654; baseline -0.006 -23"><span class='ocrx_word' id='word_1_13' title='bbox 118 634 120 641; x_wconf 51' lang='lat'><em>.</em></span> <span class='ocrx_word' id='word_1_14' title='bbox 231 569 373 654; x_wconf 72' lang='lat' dir='ltr'><em>aliique.</em></span> <span class='ocrx_word' id='word_1_15' title='bbox 414 565 507 644; x_wconf 86' lang='lat' dir='ltr'><em>Quae</em></span> <span class='ocrx_word' id='word_1_16' title='bbox 521 563 576 626; x_wconf 82' lang='lat' dir='ltr'><em>rie</em></span> <span class='ocrx_word' id='word_1_17' title='bbox 594 561 707 641; x_wconf 85' lang='lat' dir='ltr'><em>affert,</em></span> <span class='ocrx_word' id='word_1_18' title='bbox 725 559 795 626; x_wconf 82' lang='lat' dir='ltr'><em>duo</em></span> <span class='ocrx_word' id='word_1_19' title='bbox 810 561 895 624; x_wconf 75' lang='lat' dir='ltr'><em>&#39;sunt</em></span> <span class='ocrx_word' id='word_1_20' title='bbox 910 559 1063 646; x_wconf 84' lang='lat' dir='ltr'><em>exempla</em></span> <span class='ocrx_word' id='word_1_21' title='bbox 1076 559 1184 632; x_wconf 85' lang='lat' dir='ltr'><em>Taciti</em></span> <span class='ocrx_word' id='word_1_22' title='bbox 1201 560 1289 624; x_wconf 88' lang='lat' dir='ltr'><em>Hist.</em></span> 
     </span>
    </p>
   </div>
   <div class='ocr_carea' id='block_1_3' title="bbox 120 644 1377 2270">
    <p class='ocr_par' dir='ltr' id='par_1_3' title="bbox 120 644 1377 2270">
     <span class='ocr_line' id='line_1_4' title="bbox 243 644 1288 736; baseline -0.009 -17"><span class='ocrx_word' id='word_1_23' title='bbox 243 661 281 736; x_wconf 87' lang='lat'><em>1,</em></span> <span class='ocrx_word' id='word_1_24' title='bbox 302 657 347 732; x_wconf 83' lang='lat'><em>7,</em></span> <span class='ocrx_word' id='word_1_25' title='bbox 363 653 395 734; x_wconf 99' lang='lat'><strong>4</strong></span> <span class='ocrx_word' id='word_1_26' title='bbox 415 644 538 718; x_wconf 71' lang='lat' dir='ltr'><em>amiam</em></span> <span class='ocrx_word' id='word_1_27' title='bbox 551 669 658 712; x_wconf 82' lang='lat' dir='ltr'><em>novae</em></span> <span class='ocrx_word' id='word_1_28' title='bbox 681 645 783 710; x_wconf 82' lang='lat' dir='ltr'><em>actae</em></span> <span class='ocrx_word' id='word_1_29' title='bbox 800 644 897 710; x_wconf 85' lang='lat' dir='ltr'><em>mala</em></span> <span class='ocrx_word' id='word_1_30' title='bbox 916 667 1020 731; x_wconf 77' lang='lat' dir='ltr'><em>aeqvic</em></span> <span class='ocrx_word' id='word_1_31' title='bbox 1039 647 1187 732; x_wconf 74' lang='lat' dir='ltr'><em>gravia,</em></span> <span class='ocrx_word' id='word_1_32' title='bbox 1218 669 1288 710; x_wconf 80' lang='lat' dir='ltr'><em>aaa</em></span> 
     </span>
     <span class='ocr_line' id='line_1_5' title="bbox 236 729 1289 824; baseline -0.009 -20"><span class='ocrx_word' id='word_1_33' title='bbox 236 759 345 824; x_wconf 77' lang='lat' dir='ltr'><em>aeque</em></span> <span class='ocrx_word' id='word_1_34' title='bbox 359 745 531 800; x_wconf 85' lang='lat' dir='ltr'><em>excusata.</em></span> <span class='ocrx_word' id='word_1_35' title='bbox 562 734 640 820; x_wconf 86' lang='lat' dir='ltr'><em>Agr.</em></span> <span class='ocrx_word' id='word_1_36' title='bbox 666 732 717 797; x_wconf 86' lang='lat'><em>15.</em></span> <span class='ocrx_word' id='word_1_37' title='bbox 743 753 848 816; x_wconf 83' lang='lat' dir='ltr'><em>aeque</em></span> <span class='ocrx_word' id='word_1_38' title='bbox 871 729 1084 794; x_wconf 75' lang='lat' dir='ltr'><em>discordiam</em></span> <span class='ocrx_word' id='word_1_39' title='bbox 1099 732 1289 818; x_wconf 79' lang='lat' dir='ltr'><em>praeposi-</em></span> 
     </span>
     <span class='ocr_line' id='line_1_6' title="bbox 242 813 1377 908; baseline -0.007 -20.702"><span class='ocrx_word' id='word_1_40' title='bbox 242 817 364 895; x_wconf 82' lang='lat' dir='ltr'><em>torum,</em></span> <span class='ocrx_word' id='word_1_41' title='bbox 385 842 489 908; x_wconf 82' lang='lat' dir='ltr'><em>aeque</em></span> <span class='ocrx_word' id='word_1_42' title='bbox 507 817 726 882; x_wconf 81' lang='lat' dir='ltr'><em>concordium</em></span> <span class='ocrx_word' id='word_1_43' title='bbox 740 813 896 880; x_wconf 76' lang='lat' dir='ltr'><em>subiectis</em></span> <span class='ocrx_word' id='word_1_44' title='bbox 911 815 1103 880; x_wconf 77' lang='lat' dir='ltr'><em>exitiosam.</em></span> <span class='ocrx_word' id='word_1_45' title='bbox 1143 817 1193 880; x_wconf 87' lang='lat' dir='ltr'><em>Ad</em></span> <span class='ocrx_word' id='word_1_46' title='bbox 1206 815 1289 880; x_wconf 90' lang='lat' dir='ltr'><em>haec</em></span> <span class='ocrx_word' id='word_1_47' title='bbox 1376 889 1377 892; x_wconf 7' lang='grc' dir='ltr'><strong>Ἴ</strong></span> 
     </span>
     <span class='ocr_line' id='line_1_7' title="bbox 240 896 1289 994; baseline -0.006 -21"><span class='ocrx_word' id='word_1_48' title='bbox 240 896 429 973; x_wconf 71' lang='lat' dir='ltr'><em>Ernestiuss</em></span> <span class='ocrx_word' id='word_1_49' title='bbox 452 905 623 994; x_wconf 90' lang='lat' dir='ltr'><em>„primum</em></span> <span class='ocrx_word' id='word_1_50' title='bbox 647 901 836 988; x_wconf 84' lang='lat' dir='ltr'><em>exemplum</em></span> <span class='ocrx_word' id='word_1_51' title='bbox 861 909 909 973; x_wconf 89' lang='lat' dir='ltr'><em>est</em></span> <span class='ocrx_word' id='word_1_52' title='bbox 934 899 1096 966; x_wconf 84' lang='lat' dir='ltr'><em>alienum:</em></span> <span class='ocrx_word' id='word_1_53' title='bbox 1123 902 1160 966; x_wconf 90' lang='lat' dir='ltr'><em>in</em></span> <span class='ocrx_word' id='word_1_54' title='bbox 1182 901 1289 966; x_wconf 86' lang='lat' dir='ltr'><em>altero</em></span> 
     </span>
     <span class='ocr_line' id='line_1_8' title="bbox 242 981 1290 1080; baseline -0.009 -22"><span class='ocrx_word' id='word_1_55' title='bbox 242 1003 291 1058; x_wconf 85' lang='lat' dir='ltr'><em>cst</em></span> <span class='ocrx_word' id='word_1_56' title='bbox 308 991 476 1080; x_wconf 77' lang='lat' dir='ltr'>anaphora</span> <span class='ocrx_word' id='word_1_57' title='bbox 495 981 566 1054; x_wconf 83' lang='lat' dir='ltr'><em>non</em></span> <span class='ocrx_word' id='word_1_58' title='bbox 583 988 837 1074; x_wconf 72' lang='lat' dir='ltr'>elegantissimae</span> <span class='ocrx_word' id='word_1_59' title='bbox 863 985 926 1050; x_wconf 87' lang='lat' dir='ltr'><em>nisi</em></span> <span class='ocrx_word' id='word_1_60' title='bbox 942 984 1031 1050; x_wconf 78' lang='lat' dir='ltr'><em>torte</em></span> <span class='ocrx_word' id='word_1_61' title='bbox 1055 988 1153 1052; x_wconf 87' lang='lat' dir='ltr'><em>etiam</em></span> <span class='ocrx_word' id='word_1_62' title='bbox 1173 985 1290 1074; x_wconf 85' lang='lat' dir='ltr'><em>legen-</em></span> 
     </span>
     <span class='ocr_line' id='line_1_9' title="bbox 241 1071 1290 1160; baseline -0.006 -18"><span class='ocrx_word' id='word_1_63' title='bbox 241 1078 343 1142; x_wconf 78' lang='lat' dir='ltr'><em>dumt</em></span> <span class='ocrx_word' id='word_1_64' title='bbox 365 1099 406 1142; x_wconf 87' lang='lat' dir='ltr'><em>oc</em></span> <span class='ocrx_word' id='word_1_65' title='bbox 452 1073 861 1160; x_wconf 52' lang='lat' dir='ltr'><em>edisoordiampsatque</em></span> <span class='ocrx_word' id='word_1_66' title='bbox 880 1071 1142 1136; x_wconf 74' lang='lat' dir='ltr'><em>concordiam.</em></span> <span class='ocrx_word' id='word_1_67' title='bbox 1157 1082 1213 1136; x_wconf 61' lang='lat' dir='ltr'><em>c.‘,‘</em></span> <span class='ocrx_word' id='word_1_68' title='bbox 1244 1071 1290 1136; x_wconf 90' lang='lat' dir='ltr'><em>Et</em></span> 
     </span>
     <span class='ocr_line' id='line_1_10' title="bbox 242 1155 1289 1251; baseline -0.008 -21"><span class='ocrx_word' id='word_1_69' title='bbox 242 1165 402 1251; x_wconf 85' lang='lat' dir='ltr'><em>adipsum</em></span> <span class='ocrx_word' id='word_1_70' title='bbox 442 1161 580 1226; x_wconf 73' lang='lat' dir='ltr'><em>scitum-2</em></span> <span class='ocrx_word' id='word_1_71' title='bbox 600 1155 819 1240; x_wconf 86' lang='lat' dir='ltr'><em>„Dubitanter</em></span> <span class='ocrx_word' id='word_1_72' title='bbox 828 1156 945 1221; x_wconf 86' lang='lat' dir='ltr'><em>alicubi</em></span> <span class='ocrx_word' id='word_1_73' title='bbox 960 1159 1289 1245; x_wconf 79' lang='lat' dir='ltr'><em>tentaviatquecon-</em></span> 
     </span>
     <span class='ocr_line' id='line_1_11' title="bbox 241 1236 1290 1335; baseline -0.008 -21"><span class='ocrx_word' id='word_1_74' title='bbox 241 1239 410 1314; x_wconf 75' lang='lat' dir='ltr'><em>cordiam.</em></span> <span class='ocrx_word' id='word_1_75' title='bbox 432 1245 519 1310; x_wconf 90' lang='lat' dir='ltr'><em>Nam</em></span> <span class='ocrx_word' id='word_1_76' title='bbox 531 1267 636 1332; x_wconf 76' lang='lat' dir='ltr'><em>aeque</em></span> <span class='ocrx_word' id='word_1_77' title='bbox 650 1236 820 1335; x_wconf 80' lang='lat' dir='ltr'><em>comparat</em></span> <span class='ocrx_word' id='word_1_78' title='bbox 832 1243 898 1306; x_wconf 90' lang='lat' dir='ltr'><em>duo</em></span> <span class='ocrx_word' id='word_1_79' title='bbox 914 1242 1001 1306; x_wconf 90' lang='lat' dir='ltr'><em>iuter</em></span> <span class='ocrx_word' id='word_1_80' title='bbox 1013 1265 1059 1324; x_wconf 88' lang='lat' dir='ltr'><em>sc,</em></span> <span class='ocrx_word' id='word_1_81' title='bbox 1075 1241 1141 1308; x_wconf 90' lang='lat' dir='ltr'><em>h.l.</em></span> <span class='ocrx_word' id='word_1_82' title='bbox 1157 1242 1290 1306; x_wconf 88' lang='lat' dir='ltr'><em>discor·</em></span> 
     </span>
     <span class='ocr_line' id='line_1_12' title="bbox 198 1328 1377 1413; baseline -0.004 -15"><span class='ocrx_word' id='word_1_83' title='bbox 198 1355 201 1360; x_wconf 86' lang='lat'>·</span> <span class='ocrx_word' id='word_1_84' title='bbox 239 1333 330 1398; x_wconf 86' lang='lat' dir='ltr'><em>diam</em></span> <span class='ocrx_word' id='word_1_85' title='bbox 351 1341 387 1400; x_wconf 81' lang='lat' dir='ltr'><em>at</em></span> <span class='ocrx_word' id='word_1_86' title='bbox 410 1329 639 1410; x_wconf 80' lang='lat' dir='ltr'><em>concordiam,</em></span> <span class='ocrx_word' id='word_1_87' title='bbox 656 1330 757 1394; x_wconf 81' lang='lat' dir='ltr'><em>‘inter</em></span> <span class='ocrx_word' id='word_1_88' title='bbox 783 1349 867 1413; x_wconf 86' lang='lat' dir='ltr'><em>quae</em></span> <span class='ocrx_word' id='word_1_89' title='bbox 893 1328 996 1392; x_wconf 89' lang='lat' dir='ltr'><em>semel</em></span> <span class='ocrx_word' id='word_1_90' title='bbox 1019 1339 1150 1392; x_wconf 87' lang='lat' dir='ltr'><em>tantum</em></span> <span class='ocrx_word' id='word_1_91' title='bbox 1172 1328 1290 1394; x_wconf 88' lang='lat' dir='ltr'><em>locum</em></span> <span class='ocrx_word' id='word_1_92' title='bbox 1376 1333 1377 1408; x_wconf 82' lang='lat'><em>]</em></span> 
     </span>
     <span class='ocr_line' id='line_1_13' title="bbox 184 1412 1377 1504; baseline -0.005 -20"><span class='ocrx_word' id='word_1_93' title='bbox 184 1412 187 1421; x_wconf 70' lang='grc'><strong>’</strong></span> <span class='ocrx_word' id='word_1_94' title='bbox 238 1419 357 1494; x_wconf 89' lang='lat' dir='ltr'><em>habet,</em></span> <span class='ocrx_word' id='word_1_95' title='bbox 378 1428 416 1480; x_wconf 92' lang='lat' dir='ltr'><em>ut</em></span> <span class='ocrx_word' id='word_1_96' title='bbox 426 1414 584 1504; x_wconf 82' lang='lat' dir='ltr'><em>perinde.</em></span> <span class='ocrx_word' id='word_1_97' title='bbox 629 1413 845 1479; x_wconf 86' lang='lat' dir='ltr'><em>Schwartzius</em></span> <span class='ocrx_word' id='word_1_98' title='bbox 864 1423 976 1476; x_wconf 82' lang='lat' dir='ltr'><em>tamen</em></span> <span class='ocrx_word' id='word_1_99' title='bbox 992 1413 1034 1478; x_wconf 89' lang='lat' dir='ltr'><em>ad</em></span> <span class='ocrx_word' id='word_1_100' title='bbox 1050 1413 1289 1480; x_wconf 75' lang='lat' dir='ltr'><em>&#39;Purseiiiniii·</em></span> <span class='ocrx_word' id='word_1_101' title='bbox 1376 1439 1377 1502; x_wconf 64' lang='lat' dir='ltr'><em>t</em></span> 
     </span>
     <span class='ocr_line' id='line_1_14' title="bbox 231 1499 1288 1590; baseline -0.001 -26"><span class='ocrx_word' id='word_1_102' title='bbox 231 1505 340 1570; x_wconf 74' lang='lat' dir='ltr'><em>‚bruni</em></span> <span class='ocrx_word' id='word_1_103' title='bbox 355 1501 396 1568; x_wconf 84' lang='lat' dir='ltr'><em>de</em></span> <span class='ocrx_word' id='word_1_104' title='bbox 412 1511 500 1590; x_wconf 80' lang='lat' dir='ltr'><em>part.</em></span> <span class='ocrx_word' id='word_1_105' title='bbox 515 1500 724 1564; x_wconf 82' lang='lat' dir='ltr'><em>rarissimum·</em></span> <span class='ocrx_word' id='word_1_106' title='bbox 742 1499 807 1564; x_wconf 87' lang='lat' dir='ltr'><em>hoc</em></span> <span class='ocrx_word' id='word_1_107' title='bbox 825 1521 894 1577; x_wconf 88' lang='lat' dir='ltr'><em>esse</em></span> <span class='ocrx_word' id='word_1_108' title='bbox 917 1499 1061 1578; x_wconf 86' lang='lat' dir='ltr'><em>dicebat,</em></span> <span class='ocrx_word' id='word_1_109' title='bbox 1085 1500 1142 1564; x_wconf 84' lang='lat' dir='ltr'><em>sed</em></span> <span class='ocrx_word' id='word_1_110' title='bbox 1165 1499 1288 1564; x_wconf 87' lang='lat' dir='ltr'><em>confe-</em></span> 
     </span>
     <span class='ocr_line' id='line_1_15' title="bbox 237 1584 1377 1672; baseline -0.007 -16"><span class='ocrx_word' id='word_1_111' title='bbox 237 1589 331 1667; x_wconf 83' lang='lat' dir='ltr'><em>rebat</em></span> <span class='ocrx_word' id='word_1_112' title='bbox 346 1587 459 1652; x_wconf 88' lang='lat' dir='ltr'><em>locum</em></span> <span class='ocrx_word' id='word_1_113' title='bbox 475 1585 577 1650; x_wconf 83' lang='lat' dir='ltr'><em>alium</em></span> <span class='ocrx_word' id='word_1_114' title='bbox 594 1585 701 1650; x_wconf 78' lang='lat' dir='ltr'><em>Taciti</em></span> <span class='ocrx_word' id='word_1_115' title='bbox 713 1585 755 1649; x_wconf 87' lang='lat' dir='ltr'><em>H.</em></span> <span class='ocrx_word' id='word_1_116' title='bbox 776 1590 814 1666; x_wconf 89' lang='lat'><em>1,</em></span> <span class='ocrx_word' id='word_1_117' title='bbox 831 1588 862 1649; x_wconf 84' lang='lat'><em>7.</em></span> <span class='ocrx_word' id='word_1_118' title='bbox 881 1584 938 1670; x_wconf 88' lang='lat' dir='ltr'><em>qui</em></span> <span class='ocrx_word' id='word_1_119' title='bbox 956 1594 1006 1648; x_wconf 89' lang='lat' dir='ltr'><em>est</em></span> <span class='ocrx_word' id='word_1_120' title='bbox 1026 1585 1125 1672; x_wconf 89' lang='lat' dir='ltr'><em>plane</em></span> <span class='ocrx_word' id='word_1_121' title='bbox 1138 1584 1287 1650; x_wconf 87' lang='lat' dir='ltr'><em>dissimi·</em></span> <span class='ocrx_word' id='word_1_122' title='bbox 1376 1591 1377 1648; x_wconf 71' lang='lat' dir='ltr'><em>t</em></span> 
     </span>
     <span class='ocr_line' id='line_1_16' title="bbox 237 1669 1286 1757; baseline -0.005 -17"><span class='ocrx_word' id='word_1_123' title='bbox 237 1675 297 1756; x_wconf 85' lang='lat' dir='ltr'><em>lis,</em></span> <span class='ocrx_word' id='word_1_124' title='bbox 315 1683 354 1737; x_wconf 90' lang='lat' dir='ltr'><em>ut</em></span> <span class='ocrx_word' id='word_1_125' title='bbox 369 1674 436 1738; x_wconf 88' lang='lat' dir='ltr'><em>iam</em></span> <span class='ocrx_word' id='word_1_126' title='bbox 451 1671 530 1736; x_wconf 83' lang='lat' dir='ltr'><em>alibi</em></span> <span class='ocrx_word' id='word_1_127' title='bbox 546 1671 625 1735; x_wconf 81' lang='lat' dir='ltr'><em>dixi.</em></span> <span class='ocrx_word' id='word_1_128' title='bbox 670 1671 758 1734; x_wconf 90' lang='lat' dir='ltr'><em>Nam</em></span> <span class='ocrx_word' id='word_1_129' title='bbox 770 1669 871 1756; x_wconf 86' lang='lat' dir='ltr'><em>cuivis</em></span> <span class='ocrx_word' id='word_1_130' title='bbox 889 1680 1028 1757; x_wconf 89' lang='lat' dir='ltr'><em>apparet</em></span> <span class='ocrx_word' id='word_1_131' title='bbox 1045 1669 1099 1734; x_wconf 92' lang='lat' dir='ltr'><em>hic</em></span> <span class='ocrx_word' id='word_1_132' title='bbox 1113 1670 1200 1734; x_wconf 86' lang='lat' dir='ltr'><em>maia</em></span> <span class='ocrx_word' id='word_1_133' title='bbox 1215 1693 1286 1736; x_wconf 89' lang='lat' dir='ltr'><em>no·</em></span> 
     </span>
     <span class='ocr_line' id='line_1_17' title="bbox 232 1754 1377 1843; baseline -0.004 -17"><span class='ocrx_word' id='word_1_134' title='bbox 232 1781 297 1832; x_wconf 71' lang='lat' dir='ltr'><em>,vae</em></span> <span class='ocrx_word' id='word_1_135' title='bbox 316 1759 406 1824; x_wconf 87' lang='lat' dir='ltr'><em>aulae</em></span> <span class='ocrx_word' id='word_1_136' title='bbox 428 1756 613 1843; x_wconf 88' lang='lat' dir='ltr'><em>comparari</em></span> <span class='ocrx_word' id='word_1_137' title='bbox 629 1755 726 1832; x_wconf 82' lang='lat' dir='ltr'><em>maiis</em></span> <span class='ocrx_word' id='word_1_138' title='bbox 741 1755 858 1820; x_wconf 82' lang='lat' dir='ltr'><em>veteris</em></span> <span class='ocrx_word' id='word_1_139' title='bbox 879 1755 988 1830; x_wconf 56' lang='lat' dir='ltr'><em>auiae-‚2</em></span> <span class='ocrx_word' id='word_1_140' title='bbox 1018 1755 1066 1830; x_wconf 78' lang='lat' dir='ltr'><em>ita</em></span> <span class='ocrx_word' id='word_1_141' title='bbox 1092 1756 1169 1820; x_wconf 90' lang='lat' dir='ltr'><em>dicit</em></span> <span class='ocrx_word' id='word_1_142' title='bbox 1182 1754 1285 1822; x_wconf 89' lang='lat' dir='ltr'><em>fuisse</em></span> <span class='ocrx_word' id='word_1_143' title='bbox 1376 1759 1377 1838; x_wconf 59' lang='lat' dir='ltr'><strong>f</strong></span> 
     </span>
     <span class='ocr_line' id='line_1_18' title="bbox 120 1839 1377 1939; baseline -0.006 -29"><span class='ocrx_word' id='word_1_144' title='bbox 120 1847 122 1854; x_wconf 75' lang='grc'><strong>“</strong></span> <span class='ocrx_word' id='word_1_145' title='bbox 238 1866 340 1930; x_wconf 84' lang='lat' dir='ltr'><em>acque</em></span> <span class='ocrx_word' id='word_1_146' title='bbox 363 1842 471 1930; x_wconf 85' lang='lat' dir='ltr'><em>gravia</em></span> <span class='ocrx_word' id='word_1_147' title='bbox 495 1851 593 1939; x_wconf 80' lang='lat' dir='ltr'><em>atque</em></span> <span class='ocrx_word' id='word_1_148' title='bbox 614 1840 731 1916; x_wconf 86' lang='lat' dir='ltr'><em>veteris</em></span> <span class='ocrx_word' id='word_1_149' title='bbox 756 1841 847 1904; x_wconf 89' lang='lat' dir='ltr'><em>aulae</em></span> <span class='ocrx_word' id='word_1_150' title='bbox 870 1840 975 1921; x_wconf 90' lang='lat' dir='ltr'><em>mala,</em></span> <span class='ocrx_word' id='word_1_151' title='bbox 1004 1841 1157 1908; x_wconf 87' lang='lat' dir='ltr'><em>sednon</em></span> <span class='ocrx_word' id='word_1_152' title='bbox 1180 1863 1285 1928; x_wconf 84' lang='lat' dir='ltr'><em>aeque</em></span> <span class='ocrx_word' id='word_1_153' title='bbox 1376 1839 1377 1906; x_wconf 67' lang='lat' dir='ltr'>l</span> 
     </span>
     <span class='ocr_line' id='line_1_19' title="bbox 237 1925 1377 2014; baseline -0.001 -21"><span class='ocrx_word' id='word_1_154' title='bbox 237 1939 391 1994; x_wconf 83' lang='lat' dir='ltr'><em>excusata</em></span> <span class='ocrx_word' id='word_1_155' title='bbox 413 1937 512 2014; x_wconf 87' lang='lat' dir='ltr'><em>atque</em></span> <span class='ocrx_word' id='word_1_156' title='bbox 534 1927 600 1990; x_wconf 87' lang='lat' dir='ltr'><em>rlla.</em></span> <span class='ocrx_word' id='word_1_157' title='bbox 644 1925 793 1992; x_wconf 82' lang='lat' dir='ltr'><em>Similior</em></span> <span class='ocrx_word' id='word_1_158' title='bbox 817 1936 848 1990; x_wconf 88' lang='lat' dir='ltr'><em>et</em></span> <span class='ocrx_word' id='word_1_159' title='bbox 871 1926 912 1988; x_wconf 92' lang='lat' dir='ltr'><em>ad</em></span> <span class='ocrx_word' id='word_1_160' title='bbox 933 1925 1049 1990; x_wconf 87' lang='lat' dir='ltr'><em>locum</em></span> <span class='ocrx_word' id='word_1_161' title='bbox 1072 1939 1284 2014; x_wconf 84' lang='lat' dir='ltr'><em>praesentem</em></span> <span class='ocrx_word' id='word_1_162' title='bbox 1376 1927 1377 2008; x_wconf 62' lang='lat' dir='ltr'>f</span> 
     </span>
     <span class='ocr_line' id='line_1_20' title="bbox 235 2009 1377 2099; baseline -0.004 -21"><span class='ocrx_word' id='word_1_163' title='bbox 235 2014 399 2078; x_wconf 87' lang='lat' dir='ltr'><em>tuendum</em></span> <span class='ocrx_word' id='word_1_164' title='bbox 415 2011 698 2077; x_wconf 76' lang='lat' dir='ltr'><em>accommodatior</em></span> <span class='ocrx_word' id='word_1_165' title='bbox 711 2009 805 2074; x_wconf 88' lang='lat' dir='ltr'><em>locus</em></span> <span class='ocrx_word' id='word_1_166' title='bbox 820 2011 948 2076; x_wconf 84' lang='lat' dir='ltr'><em>Horatii</em></span> <span class='ocrx_word' id='word_1_167' title='bbox 965 2011 1070 2099; x_wconf 85' lang='lat' dir='ltr'><em>Epist.</em></span> <span class='ocrx_word' id='word_1_168' title='bbox 1094 2018 1132 2094; x_wconf 87' lang='lat'><em>1,</em></span> <span class='ocrx_word' id='word_1_169' title='bbox 1162 2019 1199 2094; x_wconf 88' lang='lat'><em>1,</em></span> <span class='ocrx_word' id='word_1_170' title='bbox 1226 2015 1282 2078; x_wconf 78' lang='lat'><em>25.</em></span> <span class='ocrx_word' id='word_1_171' title='bbox 1376 2053 1377 2074; x_wconf 55' lang='lat'><em>÷</em></span> 
     </span>
     <span class='ocr_line' id='line_1_21' title="bbox 236 2095 1377 2186; baseline -0.003 -22"><span class='ocrx_word' id='word_1_172' title='bbox 236 2123 280 2164; x_wconf 91' lang='lat' dir='ltr'><em>ae</em></span> <span class='ocrx_word' id='word_1_173' title='bbox 301 2123 342 2164; x_wconf 88' lang='lat' dir='ltr'><em>uc</em></span> <span class='ocrx_word' id='word_1_174' title='bbox 361 2095 573 2186; x_wconf 80' lang='lat' dir='ltr'><em>pauperibus</em></span> <span class='ocrx_word' id='word_1_175' title='bbox 589 2095 752 2182; x_wconf 78' lang='lat' dir='ltr'><em>prodeat,</em></span> <span class='ocrx_word' id='word_1_176' title='bbox 770 2095 1003 2182; x_wconf 72' lang='lat' dir='ltr'><em>,locapletibus</em></span> <span class='ocrx_word' id='word_1_177' title='bbox 1026 2119 1147 2185; x_wconf 81' lang='lat' dir='ltr'><em>acque,</em></span> <span class='ocrx_word' id='word_1_178' title='bbox 1180 2119 1283 2184; x_wconf 90' lang='lat' dir='ltr'><em>quem</em></span> <span class='ocrx_word' id='word_1_179' title='bbox 1376 2117 1377 2168; x_wconf 72' lang='grc'>;</span> 
     </span>
     <span class='ocr_line' id='line_1_22' title="bbox 233 2123 1282 2270; baseline 0.001 -22"><span class='ocrx_word' id='word_1_180' title='bbox 233 2123 319 2252; x_wconf 72' lang='lat' dir='ltr'><em>miii</em></span> <span class='ocrx_word' id='word_1_181' title='bbox 333 2183 493 2270; x_wconf 82' lang='lat' dir='ltr'><em>suggessit</em></span> <span class='ocrx_word' id='word_1_182' title='bbox 520 2183 716 2266; x_wconf 72' lang='lat' dir='ltr'><em>Gesnerus.“</em></span> <span class='ocrx_word' id='word_1_183' title='bbox 757 2179 833 2268; x_wconf 87' lang='lat' dir='ltr'><em>Ipsa</em></span> <span class='ocrx_word' id='word_1_184' title='bbox 854 2183 1018 2246; x_wconf 85' lang='lat' dir='ltr'><em>Gesnerus</em></span> <span class='ocrx_word' id='word_1_185' title='bbox 1034 2183 1070 2247; x_wconf 86' lang='lat' dir='ltr'><em>in</em></span> <span class='ocrx_word' id='word_1_186' title='bbox 1087 2181 1282 2249; x_wconf 89' lang='lat' dir='ltr'><em>Euchiridio</em></span> 
     </span>
    </p>
   </div>
   <div class='ocr_carea' id='block_1_4' title="bbox 120 2266 1281 2363">
    <p class='ocr_par' dir='ltr' id='par_1_4' title="bbox 120 2266 1281 2363">
     <span class='ocr_line' id='line_1_23' title="bbox 120 2266 1281 2363; baseline 0 -29"><span class='ocrx_word' id='word_1_187' title='bbox 120 2299 123 2310; x_wconf 50' lang='lat'><strong><em>¹</em></strong></span> <span class='ocrx_word' id='word_1_188' title='bbox 235 2270 397 2350; x_wconf 75' lang='lat' dir='ltr'><em>coniecit,</em></span> <span class='ocrx_word' id='word_1_189' title='bbox 414 2271 450 2334; x_wconf 89' lang='lat' dir='ltr'><em>in</em></span> <span class='ocrx_word' id='word_1_190' title='bbox 467 2267 620 2363; x_wconf 77' lang='lat' dir='ltr'><em>Agricola</em></span> <span class='ocrx_word' id='word_1_191' title='bbox 644 2266 855 2332; x_wconf 82' lang='lat' dir='ltr'><em>scribendum</em></span> <span class='ocrx_word' id='word_1_192' title='bbox 874 2290 940 2332; x_wconf 87' lang='lat' dir='ltr'><em>asse</em></span> <span class='ocrx_word' id='word_1_193' title='bbox 967 2279 1086 2355; x_wconf 80' lang='lat' dir='ltr'><em>atqua.-</em></span> <span class='ocrx_word' id='word_1_194' title='bbox 1107 2269 1198 2354; x_wconf 86' lang='lat' dir='ltr'><em>quod</em></span> <span class='ocrx_word' id='word_1_195' title='bbox 1217 2291 1281 2354; x_wconf 87' lang='lat' dir='ltr'><em>ego</em></span> 
     </span>
    </p>
   </div>
   <div class='ocr_carea' id='block_1_5' title="bbox 98 2352 1377 3184">
    <p class='ocr_par' dir='ltr' id='par_1_5' title="bbox 133 2352 1377 2868">
     <span class='ocr_line' id='line_1_24' title="bbox 219 2352 1297 2441; baseline 0.001 -24"><span class='ocrx_word' id='word_1_196' title='bbox 219 2352 368 2441; x_wconf 86' lang='lat' dir='ltr'><em>‘quoque</em></span> <span class='ocrx_word' id='word_1_197' title='bbox 381 2353 445 2418; x_wconf 88' lang='lat' dir='ltr'><em>feci</em></span> <span class='ocrx_word' id='word_1_198' title='bbox 460 2357 493 2417; x_wconf 86' lang='lat' dir='ltr'><em>in</em></span> <span class='ocrx_word' id='word_1_199' title='bbox 511 2353 601 2418; x_wconf 85' lang='lat' dir='ltr'><em>notis</em></span> <span class='ocrx_word' id='word_1_200' title='bbox 620 2353 659 2416; x_wconf 88' lang='lat' dir='ltr'><em>ad</em></span> <span class='ocrx_word' id='word_1_201' title='bbox 680 2353 841 2417; x_wconf 89' lang='lat' dir='ltr'><em>Gronovii</em></span> <span class='ocrx_word' id='word_1_202' title='bbox 856 2353 993 2416; x_wconf 87' lang='lat' dir='ltr'><em>Diatrib.</em></span> <span class='ocrx_word' id='word_1_203' title='bbox 1007 2375 1042 2440; x_wconf 87' lang='lat' dir='ltr'><em>p.</em></span> <span class='ocrx_word' id='word_1_204' title='bbox 1060 2355 1135 2418; x_wconf 83' lang='lat'><em>411.</em></span> <span class='ocrx_word' id='word_1_205' title='bbox 1152 2355 1297 2440; x_wconf 49' lang='lat' dir='ltr'><em>probae</em></span> 
     </span>
     <span class='ocr_line' id='line_1_25' title="bbox 231 2437 1281 2523; baseline 0 -19"><span class='ocrx_word' id='word_1_206' title='bbox 231 2449 361 2517; x_wconf 87' lang='lat' dir='ltr'><em>verunt,</em></span> <span class='ocrx_word' id='word_1_207' title='bbox 376 2439 534 2523; x_wconf 73' lang='lat' dir='ltr'><em>utaudio,</em></span> <span class='ocrx_word' id='word_1_208' title='bbox 548 2439 714 2502; x_wconf 82' lang='lat' dir='ltr'><em>Barkerus</em></span> <span class='ocrx_word' id='word_1_209' title='bbox 720 2439 757 2501; x_wconf 88' lang='lat' dir='ltr'><em>in</em></span> <span class='ocrx_word' id='word_1_210' title='bbox 767 2438 980 2502; x_wconf 71' lang='lat' dir='ltr'><em>annnadvers.</em></span> <span class='ocrx_word' id='word_1_211' title='bbox 990 2439 1030 2502; x_wconf 91' lang='lat' dir='ltr'><em>ad</em></span> <span class='ocrx_word' id='word_1_212' title='bbox 1038 2437 1144 2502; x_wconf 85' lang='lat' dir='ltr'><em>Taciti</em></span> <span class='ocrx_word' id='word_1_213' title='bbox 1154 2441 1281 2522; x_wconf 66' lang='lat' dir='ltr'><em>Germ„</em></span> 
     </span>
     <span class='ocr_line' id='line_1_26' title="bbox 228 2519 1377 2612; baseline 0 -23"><span class='ocrx_word' id='word_1_214' title='bbox 228 2521 422 2600; x_wconf 87' lang='lat' dir='ltr'><em>Dron&#39;kius,</em></span> <span class='ocrx_word' id='word_1_215' title='bbox 444 2521 510 2612; x_wconf 86' lang='lat' dir='ltr'><em>alii.</em></span> <span class='ocrx_word' id='word_1_216' title='bbox 554 2519 724 2608; x_wconf 87' lang='lat' dir='ltr'><em>Quidquid</em></span> <span class='ocrx_word' id='word_1_217' title='bbox 741 2521 933 2612; x_wconf 83' lang='lat' dir='ltr'><em>decernatur</em></span> <span class='ocrx_word' id='word_1_218' title='bbox 957 2522 1133 2610; x_wconf 83' lang='lat' dir='ltr'><em>aliquando</em></span> <span class='ocrx_word' id='word_1_219' title='bbox 1161 2525 1281 2589; x_wconf 86' lang='lat' dir='ltr'><em>dein·</em></span> <span class='ocrx_word' id='word_1_220' title='bbox 1376 2599 1377 2602; x_wconf 7' lang='grc' dir='ltr'><strong>Ἴ</strong></span> 
     </span>
     <span class='ocr_line' id='line_1_27' title="bbox 133 2603 1279 2695; baseline 0.007 -28"><span class='ocrx_word' id='word_1_221' title='bbox 133 2666 135 2670; x_wconf 78' lang='grc'>,</span> <span class='ocrx_word' id='word_1_222' title='bbox 230 2605 458 2695; x_wconf 73' lang='lat' dir='ltr'><em>tegritateioci</em></span> <span class='ocrx_word' id='word_1_223' title='bbox 474 2603 663 2685; x_wconf 89' lang='lat' dir='ltr'><em>Horatiani,</em></span> <span class='ocrx_word' id='word_1_224' title='bbox 694 2628 793 2692; x_wconf 82' lang='lat' dir='ltr'><em>quem</em></span> <span class='ocrx_word' id='word_1_225' title='bbox 810 2607 881 2693; x_wconf 92' lang='lat' dir='ltr'><em>ipse</em></span> <span class='ocrx_word' id='word_1_226' title='bbox 897 2607 980 2672; x_wconf 86' lang='lat' dir='ltr'><em>olim</em></span> <span class='ocrx_word' id='word_1_227' title='bbox 995 2611 1066 2674; x_wconf 83' lang='lat' dir='ltr'><em>non</em></span> <span class='ocrx_word' id='word_1_228' title='bbox 1085 2619 1214 2684; x_wconf 87' lang='lat' dir='ltr'><em>tantum</em></span> <span class='ocrx_word' id='word_1_229' title='bbox 1231 2611 1279 2675; x_wconf 88' lang='lat' dir='ltr'><em>ob</em></span> 
     </span>
     <span class='ocr_line' id='line_1_28' title="bbox 229 2690 1377 2790; baseline 0.005 -32"><span class='ocrx_word' id='word_1_230' title='bbox 229 2715 329 2758; x_wconf 90' lang='lat' dir='ltr'><em>usum</em></span> <span class='ocrx_word' id='word_1_231' title='bbox 347 2691 532 2790; x_wconf 73' lang='lat' dir='ltr'><em>particarios</em></span> <span class='ocrx_word' id='word_1_232' title='bbox 557 2691 593 2756; x_wconf 92' lang='lat' dir='ltr'><em>in</em></span> <span class='ocrx_word' id='word_1_233' title='bbox 617 2690 756 2756; x_wconf 81' lang='lat' dir='ltr'><em>dubium</em></span> <span class='ocrx_word' id='word_1_234' title='bbox 781 2714 992 2776; x_wconf 80' lang='lat' dir='ltr'><em>vocaveram,</em></span> <span class='ocrx_word' id='word_1_235' title='bbox 1021 2717 1111 2760; x_wconf 89' lang='lat' dir='ltr'><em>nunc</em></span> <span class='ocrx_word' id='word_1_236' title='bbox 1134 2691 1280 2762; x_wconf 87' lang='lat' dir='ltr'><em>solerter</em></span> <span class='ocrx_word' id='word_1_237' title='bbox 1376 2735 1377 2764; x_wconf 75' lang='lat'>1</span> 
     </span>
     <span class='ocr_line' id='line_1_29' title="bbox 229 2776 1280 2868; baseline 0.003 -25"><span class='ocrx_word' id='word_1_238' title='bbox 229 2777 378 2868; x_wconf 79' lang='lat' dir='ltr'><em>defendit</em></span> <span class='ocrx_word' id='word_1_239' title='bbox 390 2776 575 2853; x_wconf 85' lang='lat' dir='ltr'><em>&#39;Obbarius,</em></span> <span class='ocrx_word' id='word_1_240' title='bbox 591 2787 715 2866; x_wconf 82' lang='lat' dir='ltr'><em>poetae</em></span> <span class='ocrx_word' id='word_1_241' title='bbox 734 2777 867 2864; x_wconf 88' lang='lat' dir='ltr'><em>quidem</em></span> <span class='ocrx_word' id='word_1_242' title='bbox 877 2777 975 2844; x_wconf 77' lang='lat' dir='ltr'><em>licuit</em></span> <span class='ocrx_word' id='word_1_243' title='bbox 996 2782 1053 2844; x_wconf 81' lang='lat' dir='ltr'><em>sua</em></span> <span class='ocrx_word' id='word_1_244' title='bbox 1075 2781 1175 2847; x_wconf 85' lang='lat' dir='ltr'><em>verba</em></span> <span class='ocrx_word' id='word_1_245' title='bbox 1197 2805 1280 2846; x_wconf 88' lang='lat' dir='ltr'><em>sen-</em></span> 
     </span>
    </p>

    <p class='ocr_par' dir='ltr' id='par_1_6' title="bbox 227 2861 1329 3038">
     <span class='ocr_line' id='line_1_30' title="bbox 229 2861 1329 2947; baseline 0.005 -20"><span class='ocrx_word' id='word_1_246' title='bbox 229 2863 281 2928; x_wconf 93' lang='lat' dir='ltr'><em>sui</em></span> <span class='ocrx_word' id='word_1_247' title='bbox 301 2863 406 2926; x_wconf 89' lang='lat' dir='ltr'><em>animi</em></span> <span class='ocrx_word' id='word_1_248' title='bbox 426 2863 593 2945; x_wconf 23' lang='lat' dir='ltr'><em>*commoti</em></span> <span class='ocrx_word' id='word_1_249' title='bbox 610 2861 891 2940; x_wconf 58' lang='lat' dir='ltr'><em>accommodares</em></span> <span class='ocrx_word' id='word_1_250' title='bbox 910 2876 1155 2947; x_wconf 76' lang='lat' dir='ltr'><em>verumtamen,</em></span> <span class='ocrx_word' id='word_1_251' title='bbox 1182 2877 1278 2933; x_wconf 89' lang='lat' dir='ltr'><em>totus</em></span> <span class='ocrx_word' id='word_1_252' title='bbox 1326 2888 1329 2893; x_wconf 85' lang='lat'>·</span> 
     </span>
     <span class='ocr_line' id='line_1_31' title="bbox 227 2947 1278 3038; baseline 0.008 -26"><span class='ocrx_word' id='word_1_253' title='bbox 227 2949 257 3013; x_wconf 89' lang='lat' dir='ltr'><em>si</em></span> <span class='ocrx_word' id='word_1_254' title='bbox 273 2970 384 3014; x_wconf 85' lang='lat' dir='ltr'><em>versus</em></span> <span class='ocrx_word' id='word_1_255' title='bbox 401 2947 440 3011; x_wconf 83' lang='lat' dir='ltr'><em>ab</em></span> <span class='ocrx_word' id='word_1_256' title='bbox 458 2947 551 3012; x_wconf 88' lang='lat' dir='ltr'><em>omni</em></span> <span class='ocrx_word' id='word_1_257' title='bbox 567 2949 753 3034; x_wconf 81' lang='lat' dir='ltr'><em>suspicione</em></span> <span class='ocrx_word' id='word_1_258' title='bbox 768 2949 948 3013; x_wconf 88' lang='lat' dir='ltr'><em>vindicatus</em></span> <span class='ocrx_word' id='word_1_259' title='bbox 969 2952 1047 3032; x_wconf 89' lang='lat' dir='ltr'><em>erit,</em></span> <span class='ocrx_word' id='word_1_260' title='bbox 1063 2952 1163 3034; x_wconf 85' lang='lat' dir='ltr'><em>ittud,</em></span> <span class='ocrx_word' id='word_1_261' title='bbox 1183 2955 1278 3038; x_wconf 90' lang='lat' dir='ltr'><em>quod</em></span> 
     </span>
    </p>

    <p class='ocr_par' dir='ltr' id='par_1_7' title="bbox 98 3027 1377 3184">
     <span class='ocr_line' id='line_1_32' title="bbox 98 3027 1377 3184; baseline 0.005 -86"><span class='ocrx_word' id='word_1_262' title='bbox 98 3053 101 3062; x_wconf 70' lang='lat'><strong>⁴</strong></span> <span class='ocrx_word' id='word_1_263' title='bbox 193 3063 196 3074; x_wconf 59' lang='lat'><strong><em>⁴</em></strong></span> <span class='ocrx_word' id='word_1_264' title='bbox 227 3034 329 3120; x_wconf 74' lang='lat' dir='ltr'><em>aliqui</em></span> <span class='ocrx_word' id='word_1_265' title='bbox 345 3027 473 3098; x_wconf 87' lang='lat' dir='ltr'><em>codices</em></span> <span class='ocrx_word' id='word_1_266' title='bbox 488 3031 671 3120; x_wconf 75' lang='lat' dir='ltr'><em>praebent,</em></span> <span class='ocrx_word' id='word_1_267' title='bbox 695 3031 915 3118; x_wconf 79' lang='lat' dir='ltr'><em>locupletibus</em></span> <span class='ocrx_word' id='word_1_268' title='bbox 934 3047 1052 3184; x_wconf 50' lang='grc' dir='ltr'><em>αἰαῖκα,</em></span> <span class='ocrx_word' id='word_1_269' title='bbox 1070 3039 1128 3101; x_wconf 80' lang='lat' dir='ltr'><em>vix</em></span> <span class='ocrx_word' id='word_1_270' title='bbox 1149 3041 1279 3124; x_wconf 88' lang='lat' dir='ltr'><em>poterit</em></span> <span class='ocrx_word' id='word_1_271' title='bbox 1376 3045 1377 3050; x_wconf 73' lang='grc'>’</span> 
     </span>
    </p>
   </div>
   <div class='ocr_carea' id='block_1_6' title="bbox 110 3117 1277 3210">
    <p class='ocr_par' dir='ltr' id='par_1_8' title="bbox 110 3117 1277 3210">
     <span class='ocr_line' id='line_1_33' title="bbox 110 3117 1277 3210; baseline 0.01 -32"><span class='ocrx_word' id='word_1_272' title='bbox 110 3171 114 3178; x_wconf 96' lang='grc'>.</span> <span class='ocrx_word' id='word_1_273' title='bbox 225 3121 373 3208; x_wconf 88' lang='lat' dir='ltr'><em>probari.</em></span> <span class='ocrx_word' id='word_1_274' title='bbox 402 3117 480 3193; x_wconf 73' lang='lat' dir='ltr'><em>Alia</em></span> <span class='ocrx_word' id='word_1_275' title='bbox 500 3127 547 3180; x_wconf 89' lang='lat' dir='ltr'><em>est</em></span> <span class='ocrx_word' id='word_1_276' title='bbox 562 3139 673 3180; x_wconf 89' lang='lat' dir='ltr'><em>caussa</em></span> <span class='ocrx_word' id='word_1_277' title='bbox 689 3118 724 3180; x_wconf 91' lang='lat' dir='ltr'><em>in</em></span> <span class='ocrx_word' id='word_1_278' title='bbox 739 3117 844 3182; x_wconf 85' lang='lat' dir='ltr'><em>Taciti</em></span> <span class='ocrx_word' id='word_1_279' title='bbox 854 3119 978 3208; x_wconf 74' lang='lat' dir='ltr'><em>Agrico</em></span> <span class='ocrx_word' id='word_1_280' title='bbox 993 3145 1028 3201; x_wconf 90' lang='lat' dir='ltr'><em>a,</em></span> <span class='ocrx_word' id='word_1_281' title='bbox 1049 3123 1106 3187; x_wconf 91' lang='lat' dir='ltr'><em>u-bi</em></span> <span class='ocrx_word' id='word_1_282' title='bbox 1122 3121 1277 3210; x_wconf 88' lang='lat' dir='ltr'><em>anapho-</em></span> 
     </span>
    </p>
   </div>
   <div class='ocr_carea' id='block_1_7' title="bbox 150 3199 1377 4163">
    <p class='ocr_par' dir='ltr' id='par_1_9' title="bbox 224 3199 1275 3282">
     <span class='ocr_line' id='line_1_34' title="bbox 224 3199 1275 3282; baseline 0.007 -13"><span class='ocrx_word' id='word_1_283' title='bbox 224 3227 281 3270; x_wconf 87' lang='lat' dir='ltr'><em>rae</em></span> <span class='ocrx_word' id='word_1_284' title='bbox 307 3203 417 3268; x_wconf 86' lang='lat' dir='ltr'><em>nullus</em></span> <span class='ocrx_word' id='word_1_285' title='bbox 438 3199 636 3265; x_wconf 87' lang='lat' dir='ltr'><em>conceditur</em></span> <span class='ocrx_word' id='word_1_286' title='bbox 655 3201 759 3267; x_wconf 90' lang='lat' dir='ltr'><em>locus.</em></span> <span class='ocrx_word' id='word_1_287' title='bbox 817 3204 885 3268; x_wconf 88' lang='lat' dir='ltr'><em>Nec</em></span> <span class='ocrx_word' id='word_1_288' title='bbox 911 3203 1033 3280; x_wconf 89' lang='lat' dir='ltr'><em>sufficit</em></span> <span class='ocrx_word' id='word_1_289' title='bbox 1056 3207 1203 3282; x_wconf 82' lang='lat' dir='ltr'><em>defensio</em></span> <span class='ocrx_word' id='word_1_290' title='bbox 1230 3211 1275 3276; x_wconf 87' lang='lat' dir='ltr'><em>ab</em></span> 
     </span>
    </p>

    <p class='ocr_par' dir='ltr' id='par_1_10' title="bbox 223 3284 1278 3379">
     <span class='ocr_line' id='line_1_35' title="bbox 223 3284 1278 3379; baseline 0.009 -27"><span class='ocrx_word' id='word_1_291' title='bbox 223 3287 371 3360; x_wconf 88' lang='lat' dir='ltr'><em>Hertelio</em></span> <span class='ocrx_word' id='word_1_292' title='bbox 386 3305 495 3373; x_wconf 88' lang='lat' dir='ltr'><em>nuper</em></span> <span class='ocrx_word' id='word_1_293' title='bbox 508 3284 694 3376; x_wconf 77' lang='lat' dir='ltr'><em>proposita,</em></span> <span class='ocrx_word' id='word_1_294' title='bbox 715 3290 807 3374; x_wconf 88' lang='lat' dir='ltr'><em>quasi</em></span> <span class='ocrx_word' id='word_1_295' title='bbox 821 3289 857 3352; x_wconf 91' lang='lat' dir='ltr'><em>in</em></span> <span class='ocrx_word' id='word_1_296' title='bbox 868 3289 974 3354; x_wconf 86' lang='lat' dir='ltr'><em>verbis</em></span> <span class='ocrx_word' id='word_1_297' title='bbox 991 3315 1095 3379; x_wconf 77' lang='lat' dir='ltr'><em>aeqtre</em></span> <span class='ocrx_word' id='word_1_298' title='bbox 1107 3331 1148 3343; x_wconf 91' lang='lat'><em>-</em></span> <span class='ocrx_word' id='word_1_299' title='bbox 1166 3319 1208 3358; x_wconf 88' lang='lat' dir='ltr'><em>ae</em></span> <span class='ocrx_word' id='word_1_300' title='bbox 1239 3321 1278 3362; x_wconf 79' lang='lat' dir='ltr'><em>re</em></span> 
     </span>
    </p>

    <p class='ocr_par' dir='ltr' id='par_1_11' title="bbox 158 3318 1277 3472">
     <span class='ocr_line' id='line_1_36' title="bbox 158 3318 1277 3472; baseline 0.01 -35"><span class='ocrx_word' id='word_1_301' title='bbox 158 3447 160 3456; x_wconf 22' lang='lat' dir='ltr'>y</span> <span class='ocrx_word' id='word_1_302' title='bbox 221 3373 315 3472; x_wconf 86' lang='lat' dir='ltr'><em>paria</em></span> <span class='ocrx_word' id='word_1_303' title='bbox 343 3393 419 3438; x_wconf 89' lang='lat' dir='ltr'><em>com</em></span> <span class='ocrx_word' id='word_1_304' title='bbox 447 3383 608 3462; x_wconf 84' lang='lat' dir='ltr'><em>onantur,</em></span> <span class='ocrx_word' id='word_1_305' title='bbox 644 3395 717 3436; x_wconf 89' lang='lat' dir='ltr'><em>nan</em></span> <span class='ocrx_word' id='word_1_306' title='bbox 743 3383 853 3438; x_wconf 88' lang='lat' dir='ltr'><em>autem</em></span> <span class='ocrx_word' id='word_1_307' title='bbox 885 3388 1133 3463; x_wconf 79' lang='lat' dir='ltr'><em>comparentur.</em></span> <span class='ocrx_word' id='word_1_308' title='bbox 1163 3318 1277 3448; x_wconf 54' lang='lat' dir='ltr'><em>&#39;Ni&#39;m</em></span> 
     </span>
    </p>

    <p class='ocr_par' dir='ltr' id='par_1_12' title="bbox 220 3395 1276 3560">
     <span class='ocr_line' id='line_1_37' title="bbox 220 3395 1276 3560; baseline 0.008 -36"><span class='ocrx_word' id='word_1_309' title='bbox 220 3459 333 3560; x_wconf 79' lang='lat' dir='ltr'><em>ipsum</em></span> <span class='ocrx_word' id='word_1_310' title='bbox 343 3395 547 3525; x_wconf 70' lang='lat' dir='ltr'><em>raedarium</em></span> <span class='ocrx_word' id='word_1_311' title='bbox 558 3459 667 3546; x_wconf 72' lang='lat' dir='ltr'><em>&#39;aeque</em></span> <span class='ocrx_word' id='word_1_312' title='bbox 689 3459 725 3523; x_wconf 89' lang='lat' dir='ltr'><em>in</em></span> <span class='ocrx_word' id='word_1_313' title='bbox 747 3481 781 3524; x_wconf 90' lang='lat' dir='ltr'><em>se</em></span> <span class='ocrx_word' id='word_1_314' title='bbox 802 3457 903 3524; x_wconf 84' lang='lat' dir='ltr'><em>habet</em></span> <span class='ocrx_word' id='word_1_315' title='bbox 923 3463 1068 3527; x_wconf 85' lang='lat' dir='ltr'><em>nativam</em></span> <span class='ocrx_word' id='word_1_316' title='bbox 1091 3486 1276 3552; x_wconf 87' lang='lat' dir='ltr'><em>compara-</em></span> 
     </span>
    </p>

    <p class='ocr_par' dir='ltr' id='par_1_13' title="bbox 166 3544 1377 3634">
     <span class='ocr_line' id='line_1_38' title="bbox 166 3544 1377 3634; baseline 0.01 -27"><span class='ocrx_word' id='word_1_317' title='bbox 166 3572 173 3588; x_wconf 77' lang='lat'>=</span> <span class='ocrx_word' id='word_1_318' title='bbox 220 3546 322 3610; x_wconf 83' lang='lat' dir='ltr'><em>tronis</em></span> <span class='ocrx_word' id='word_1_319' title='bbox 336 3545 510 3622; x_wconf 86' lang='lat' dir='ltr'><em>notionem</em></span> <span class='ocrx_word' id='word_1_320' title='bbox 518 3591 528 3624; x_wconf 95' lang='lat'><em>,</em></span> <span class='ocrx_word' id='word_1_321' title='bbox 550 3544 762 3632; x_wconf 83' lang='lat' dir='ltr'><em>sicutiatque</em></span> <span class='ocrx_word' id='word_1_322' title='bbox 779 3546 848 3611; x_wconf 92' lang='lat' dir='ltr'><em>vim</em></span> <span class='ocrx_word' id='word_1_323' title='bbox 864 3545 1094 3634; x_wconf 87' lang='lat' dir='ltr'><em>copulativam.</em></span> <span class='ocrx_word' id='word_1_324' title='bbox 1138 3549 1289 3625; x_wconf 70' lang='lat' dir='ltr'><em>Tamen,</em></span> <span class='ocrx_word' id='word_1_325' title='bbox 1376 3605 1377 3608; x_wconf 16' lang='grc' dir='ltr'>η</span> 
     </span>
    </p>

    <p class='ocr_par' dir='ltr' id='par_1_14' title="bbox 169 3630 1377 3722">
     <span class='ocr_line' id='line_1_39' title="bbox 169 3630 1377 3722; baseline 0.007 -28"><span class='ocrx_word' id='word_1_326' title='bbox 169 3649 171 3672; x_wconf 82' lang='lat'>¹</span> <span class='ocrx_word' id='word_1_327' title='bbox 219 3649 332 3694; x_wconf 86' lang='lat' dir='ltr'><em>veram</em></span> <span class='ocrx_word' id='word_1_328' title='bbox 347 3637 533 3718; x_wconf 80' lang='lat' dir='ltr'><em>nunc&#39;pu‘to</em></span> <span class='ocrx_word' id='word_1_329' title='bbox 547 3630 767 3720; x_wconf 77' lang='lat' dir='ltr'><em>scripturam,</em></span> <span class='ocrx_word' id='word_1_330' title='bbox 788 3632 946 3717; x_wconf 85' lang='lat' dir='ltr'><em>quoniam</em></span> <span class='ocrx_word' id='word_1_331' title='bbox 963 3632 1019 3709; x_wconf 87' lang='lat' dir='ltr'><em>ubi</em></span> <span class='ocrx_word' id='word_1_332' title='bbox 1033 3646 1135 3722; x_wconf 85' lang='lat' dir='ltr'><em>atque</em></span> <span class='ocrx_word' id='word_1_333' title='bbox 1151 3659 1277 3702; x_wconf 85' lang='lat' dir='ltr'><em>emen·</em></span> <span class='ocrx_word' id='word_1_334' title='bbox 1376 3635 1377 3664; x_wconf 74' lang='lat'><em>³</em></span> 
     </span>
    </p>

    <p class='ocr_par' dir='ltr' id='par_1_15' title="bbox 151 3710 1276 3807">
     <span class='ocr_line' id='line_1_40' title="bbox 151 3710 1276 3807; baseline 0.012 -31"><span class='ocrx_word' id='word_1_335' title='bbox 151 3733 152 3738; x_wconf 50' lang='lat'>¹</span> <span class='ocrx_word' id='word_1_336' title='bbox 220 3714 352 3797; x_wconf 77' lang='lat' dir='ltr'><em>datur,</em></span> <span class='ocrx_word' id='word_1_337' title='bbox 375 3710 552 3779; x_wconf 82' lang='lat' dir='ltr'><em>sentcntiae</em></span> <span class='ocrx_word' id='word_1_338' title='bbox 578 3714 623 3778; x_wconf 89' lang='lat' dir='ltr'><em>vis</em></span> <span class='ocrx_word' id='word_1_339' title='bbox 648 3715 684 3778; x_wconf 91' lang='lat' dir='ltr'><em>in</em></span> <span class='ocrx_word' id='word_1_340' title='bbox 713 3716 814 3780; x_wconf 86' lang='lat' dir='ltr'><em>altera</em></span> <span class='ocrx_word' id='word_1_341' title='bbox 863 3727 932 3780; x_wconf 90' lang='lat' dir='ltr'><em>arte</em></span> <span class='ocrx_word' id='word_1_342' title='bbox 962 3718 1173 3807; x_wconf 84' lang='lat' dir='ltr'><em>infringitur,</em></span> <span class='ocrx_word' id='word_1_343' title='bbox 1203 3745 1276 3791; x_wconf 89' lang='lat' dir='ltr'><em>nec</em></span> 
     </span>
    </p>

    <p class='ocr_par' dir='ltr' id='par_1_16' title="bbox 150 3740 1377 3980">
     <span class='ocr_line' id='line_1_41' title="bbox 150 3740 1277 3895; baseline 0.012 -34"><span class='ocrx_word' id='word_1_344' title='bbox 150 3824 152 3832; x_wconf 63' lang='lat'><strong><em>¹</em></strong></span> <span class='ocrx_word' id='word_1_345' title='bbox 237 3799 618 3886; x_wconf 76' lang='lat' dir='ltr'><em>&#39;torsusimprcbaverim</em></span> <span class='ocrx_word' id='word_1_346' title='bbox 636 3799 801 3880; x_wconf 82' lang='lat' dir='ltr'><em>rationem</em></span> <span class='ocrx_word' id='word_1_347' title='bbox 816 3740 1139 3890; x_wconf 68' lang='lat' dir='ltr'><em>aiiriiggemannoin</em></span> <span class='ocrx_word' id='word_1_348' title='bbox 1150 3830 1277 3895; x_wconf 86' lang='lat' dir='ltr'><em>progr.</em></span> 
     </span>
     <span class='ocr_line' id='line_1_42' title="bbox 197 3821 1377 3980; baseline 0.013 -33"><span class='ocrx_word' id='word_1_349' title='bbox 197 3821 546 3971; x_wconf 64' lang='lat' dir='ltr'><em>&#39;itmseldorp.1824.</em></span> <span class='ocrx_word' id='word_1_350' title='bbox 566 3886 653 3965; x_wconf 91' lang='lat' dir='ltr'><em>edito</em></span> <span class='ocrx_word' id='word_1_351' title='bbox 677 3909 713 3973; x_wconf 87' lang='lat' dir='ltr'><em>p.</em></span> <span class='ocrx_word' id='word_1_352' title='bbox 735 3887 909 3952; x_wconf 72' lang='lat' dir='ltr'><em>inmoto</em></span> <span class='ocrx_word' id='word_1_353' title='bbox 931 3896 1105 3956; x_wconf 81' lang='lat' dir='ltr'><em>non&#39;recte</em></span> <span class='ocrx_word' id='word_1_354' title='bbox 1126 3897 1275 3980; x_wconf 89' lang='lat' dir='ltr'><em>exposi-</em></span> <span class='ocrx_word' id='word_1_355' title='bbox 1376 3923 1377 3932; x_wconf 50' lang='lat'>³</span> 
     </span>
    </p>

    <p class='ocr_par' dir='ltr' id='par_1_17' title="bbox 199 3968 1377 4062">
     <span class='ocr_line' id='line_1_43' title="bbox 199 3968 1377 4062; baseline 0.009 -25"><span class='ocrx_word' id='word_1_356' title='bbox 199 3980 295 4037; x_wconf 52' lang='lat' dir='ltr'><em>itam</em></span> <span class='ocrx_word' id='word_1_357' title='bbox 338 3968 379 4032; x_wconf 80' lang='lat' dir='ltr'><em>in</em></span> <span class='ocrx_word' id='word_1_358' title='bbox 398 3968 788 4058; x_wconf 83' lang='lat' dir='ltr'><em>aeque—aeqacenim</em></span> <span class='ocrx_word' id='word_1_359' title='bbox 812 3974 1018 4062; x_wconf 88' lang='lat' dir='ltr'><em>comparatio</em></span> <span class='ocrx_word' id='word_1_360' title='bbox 1038 3973 1077 4040; x_wconf 84' lang='lat' dir='ltr'><em>fit</em></span> <span class='ocrx_word' id='word_1_361' title='bbox 1101 4000 1144 4044; x_wconf 86' lang='lat' dir='ltr'><em>ex</em></span> <span class='ocrx_word' id='word_1_362' title='bbox 1168 3991 1273 4046; x_wconf 86' lang='lat' dir='ltr'><em>utra-</em></span> <span class='ocrx_word' id='word_1_363' title='bbox 1376 3987 1377 3992; x_wconf 72' lang='grc'>’</span> 
     </span>
    </p>

    <p class='ocr_par' dir='ltr' id='par_1_18' title="bbox 215 4053 1377 4163">
     <span class='ocr_line' id='line_1_44' title="bbox 215 4053 1377 4163; baseline 0.013 -45"><span class='ocrx_word' id='word_1_364' title='bbox 215 4077 279 4163; x_wconf 63' lang='lat' dir='ltr'><em>(pue</em></span> <span class='ocrx_word' id='word_1_365' title='bbox 295 4064 395 4140; x_wconf 83' lang='lat' dir='ltr'><em>parte</em></span> <span class='ocrx_word' id='word_1_366' title='bbox 404 4053 557 4120; x_wconf 88' lang='lat' dir='ltr'><em>vicissim.</em></span> <span class='ocrx_word' id='word_1_367' title='bbox 600 4056 722 4120; x_wconf 86' lang='lat' dir='ltr'><em>Similis</em></span> <span class='ocrx_word' id='word_1_368' title='bbox 738 4067 786 4120; x_wconf 88' lang='lat' dir='ltr'><em>est</em></span> <span class='ocrx_word' id='word_1_369' title='bbox 810 4057 909 4122; x_wconf 81' lang='lat' dir='ltr'><em>dictio</em></span> <span class='ocrx_word' id='word_1_370' title='bbox 928 4071 966 4123; x_wconf 83' lang='lat' dir='ltr'><em>ut</em></span> <span class='ocrx_word' id='word_1_371' title='bbox 988 4060 1078 4138; x_wconf 80' lang='lat' dir='ltr'><em>aidi,</em></span> <span class='ocrx_word' id='word_1_372' title='bbox 1108 4075 1147 4126; x_wconf 83' lang='lat' dir='ltr'><em>at</em></span> <span class='ocrx_word' id='word_1_373' title='bbox 1156 4069 1271 4150; x_wconf 75' lang='lat' dir='ltr'><em>perii,</em></span> <span class='ocrx_word' id='word_1_374' title='bbox 1376 4127 1377 4132; x_wconf 73' lang='grc'>,</span> 
     </span>
    </p>
   </div>
   <div class='ocr_carea' id='block_1_8' title="bbox 105 4134 1271 4238">
    <p class='ocr_par' dir='ltr' id='par_1_19' title="bbox 105 4134 1377 4254">
     <span class='ocr_line' id='line_1_45' title="bbox 105 4134 1271 4238; baseline -0.007 -15"><span class='ocrx_word' id='word_1_375' title='bbox 105 4147 107 4152; x_wconf 64' lang='grc'><strong>’</strong></span> <span class='ocrx_word' id='word_1_376' title='bbox 176 4165 196 4222; x_wconf 65' lang='grc' dir='ltr'><em>ἴ</em></span> <span class='ocrx_word' id='word_1_377' title='bbox 214 4165 258 4218; x_wconf 67' lang='lat'><em>⁰⁷9</em></span> <span class='ocrx_word' id='word_1_378' title='bbox 273 4141 357 4222; x_wconf 74' lang='lat' dir='ltr'><em>taso,</em></span> <span class='ocrx_word' id='word_1_379' title='bbox 379 4137 423 4220; x_wconf 72' lang='lat' dir='ltr'><em>ais</em></span> <span class='ocrx_word' id='word_1_380' title='bbox 435 4134 557 4226; x_wconf 71' lang='grc' dir='ltr'><em>ἐμάνην.</em></span> <span class='ocrx_word' id='word_1_381' title='bbox 582 4140 623 4208; x_wconf 87' lang='lat' dir='ltr'><em>de</em></span> <span class='ocrx_word' id='word_1_382' title='bbox 639 4161 703 4228; x_wconf 89' lang='lat' dir='ltr'><em>qua</em></span> <span class='ocrx_word' id='word_1_383' title='bbox 717 4141 783 4209; x_wconf 81' lang='lat' dir='ltr'><em>vid.</em></span> <span class='ocrx_word' id='word_1_384' title='bbox 795 4141 953 4212; x_wconf 83' lang='lat' dir='ltr'><em>Matthiae</em></span> <span class='ocrx_word' id='word_1_385' title='bbox 963 4145 1125 4238; x_wconf 85' lang='lat' dir='ltr'><em>adEurip.</em></span> <span class='ocrx_word' id='word_1_386' title='bbox 1139 4149 1271 4219; x_wconf 83' lang='lat' dir='ltr'><em>Electr.</em></span> 
     </span>
    </p>
   </div>
   <div class='ocr_carea' id='block_1_9' title="bbox 0 0 1396 4746">
    <p class='ocr_par' dir='ltr' id='par_1_20' title="bbox 0 0 1396 4746">
     <span class='ocr_line' id='line_1_46' title="bbox 0 0 1396 4746; baseline 0 6"><span class='ocrx_word' id='word_1_387' title='bbox 0 0 1396 4746; x_wconf 95' lang='lat' dir='ltr'><em> </em></span> 
     </span>
    </p>
   </div>
  </div>
 </body>
</html>
