2764 4746
990 179 998 208 l

728 333 799 400 en.
907 323 944 433 J
1022 353 1026 384 ι
1083 407 1087 415 ,

308 495 403 555 etium,
420 487 469 562 0οἰ
484 487 739 558 areliant,senatus
755 509 793 545 an
803 487 943 562 populus,
963 507 1000 544 an
1017 485 1293 567 iudicessfrequen·

309 573 1078 647 1000000001.110001.80000.2,6,166.0οἰ60οἰ00
1103 577 1219 652 differt,
1243 578 1294 634 ba.
1359 597 1363 612 ·

306 661 437 718 ratbrvne
464 659 551 712 dones
570 659 706 732 quidquid
723 658 807 714 labes
815 699 832 724 „
840 681 878 714 an
895 679 1044 731 numquam
1064 673 1144 718 utare
1166 669 1290 736 paratis.

340 746 397 800 tir.
413 745 448 808 2,
466 739 517 808 54,
533 741 624 800 7.·060·
644 759 727 816 quum
746 740 777 801 tat
796 747 880 802 modo
900 742 1057 812 constaret,
1068 763 1071 771 ·
1084 751 1143 803 iure
1159 768 1199 802 an
1218 750 1293 806 iniu-

237 857 257 872 ν·
307 837 352 889 ria
371 827 552 899 excipiendos
569 847 629 886 esse
646 841 716 887 teos.

260 990 263 998 .
323 937 355 1002 5.
383 927 533 1019 Denique
547 951 595 998 an
613 951 688 1010 cum
712 937 751 1002 iis
766 928 928 1000 verbiein
941 931 1167 1001 'disiunctione
1192 957 1292 1001 com-

239 1019 397 1114 ponitur,
420 1041 502 1106 quae
520 1023 677 1084 conatum
699 1016 847 1105 indicant
863 1021 1114 1096 ”considerandh
1143 1022 1290 1104 videndi,

238 1106 439 1185 sciscitandi,
458 1104 667 1171 deliberandi.
710 1101 750 1172 In
775 1129 815 1173 eo
841 1107 932 1172 enim
955 1109 1004 1174 rei
1025 1108 1192 1198 ignoratio
1218 1110 1291 1174 oni-

238 1215 334 1262 mum
350 1187 666 1278 habetsuspensum.
741 1207 743 1210 '
919 1215 925 1222 “

343 1314 406 1381 etc..
420 1310 454 1361 ad
476 1311 548 1382 Fam.
572 1309 664 1378 7,16.
686 1306 718 1368 id
744 1323 835 1366 utrum
855 1327 970 1367 romano
994 1319 1070 1367 more
1087 1307 1222 1386 loquutus
1241 1318 1289 1378 sit,

306 1397 373 1454 bene
406 1407 574 1449 nummatum
611 1409 638 1452 te
664 1397 805 1468 futurum,
842 1421 880 1453 an
906 1398 1046 1472 00000οᾶ0
1074 1395 1163 1452 Stoici
1191 1400 1289 1453 dicunt

306 1501 400 1540 000000
417 1499 476 1536 0000
498 1482 617 1546 divites,
643 1487 691 1556 0οἰ
706 1473 784 1547 00010
805 1491 834 1538 et
851 1495 922 1540 terra
937 1481 1004 1554 frui
1019 1495 1155 1554 possunt,
1184 1497 1288 1554 postea

305 1571 412 1626 videro.
446 1554 665 1626 'lierentfflhormi
679 1569 706 1635 2,
720 1567 750 1636 4,
762 1566 787 1622 6.
807 1571 875 1636 vise,
885 1570 1031 1624 redieritne
1040 1573 1097 1624 iam
1110 1589 1150 1622 an
1163 1571 1288 1633 nondum

269 1687 273 1696 ·
308 1643 428 1712 0100000.
456 1650 513 1723 Livi
528 1653 562 1719 9,
580 1653 628 1720 15,
646 1656 671 1707 1.
690 1655 838 1710 consilium
857 1654 993 1732 habitum,
1015 1653 1178 1722 omnibusne
1196 1661 1288 1728 capiis

306 1743 455 1800 Luceriam
471 1749 643 1809 premerent,
667 1756 705 1792 00
724 1739 815 1794 altero
842 1745 962 1804 exercitu
987 1753 1016 1796 et
1046 1740 1117 1794 duce
1136 1739 1229 1810 Apuli
1253 1771 1287 1782 —

211 1845 213 1850 ·
307 1835 486 1882 tentarentur.
512 1825 628 1874 Terent.
646 1825 727 1878 Andr.
748 1826 825 1892 11001.
846 1819 890 1878 24.
907 1845 964 1880 rem
983 1829 1157 1898 cognoscite,
1178 1836 1210 1878 ut
1227 1845 1286 1896 per·
1366 1827 1369 1834 “

304 1912 427 1965 noscatis
447 1933 497 1970 -·,
516 1907 644 1979 ¹posthac
674 1923 743 1981 quas
772 1906 869 1980 faciet
901 1909 936 1964 de
969 1913 1078 1980 integro
1111 1911 1283 1984 comoedias,

305 1991 474 2070 spectandae
492 2013 530 2046 an
550 1993 704 2066 exigendae
719 1998 777 2048 sint
792 1993 873 2050 vobis
889 1994 977 2066 prius.
1011 1995 1096 2048 Tacit.
1111 1999 1180 2050 Ann.
1197 1995 1225 2062 3,
1243 1996 1285 2049 12.

221 2129 223 2139 .
306 2081 451 2155 simulque
462 2078 690 2145 illulreputate,
707 2077 829 2134 turbide.
837 2087 865 2133 et
881 2081 1013 2136 seditiose
1033 2085 1197 2138 tractaverit
1211 2101 1285 2139 exer·

305 2163 466 2228 00001100,ι
479 2170 606 2239 quaesita
623 2170 679 2220 sint
696 2185 747 2238 per
763 2161 942 2220 ambitionem
965 2165 1061 2221 studia
1081 2167 1222 2233 militum,
1244 2190 1286 2223 ar·

230 2267 231 2282 ¹
305 2259 358 2310 mis
376 2255 497 2326 repetita
516 2253 677 2324 provincia,
702 2271 739 2303 an
759 2243 846 2322 falsa
865 2251 932 2306 laec
951 2255 980 2305 in
998 2256 1089 2310 maius
1105 2253 1286 2327 vulgaverint
1368 2315 1369 2320 ¹

208 2400 211 2410 ¹
269 2329 271 2335 Ι
304 2350 489 2394 accusatores.
523 2338 568 2389 sil.
592 2337 651 2389 Ital.
675 2333 709 2401 4,
726 2331 769 2389 78.
801 2342 870 2394 scire
900 2337 967 2392 libet
991 2357 1066 2392 nova
1095 2359 1167 2392 nunc
1204 2339 1285 2394 nobis
1368 2339 1369 2359 ¹

301 2436 393 2496 ‘atque
421 2410 511 2476 attera
536 2421 641 2478 bellum
674 2420 833 2495 Carthago,
859 2441 932 2478 anne
955 2423 1053 2478 eadem
1076 2427 1190 2490 mittat,
1215 2443 1285 2497 quae

160 2499 162 2506 ¹
204 2537 209 2544 ·
304 2503 464 2576 mersasub
483 2499 600 2578 aequor,
627 2506 754 2576 Aegates
774 2503 848 2562 inter
863 2519 944 2562 vasto
962 2513 1036 2564 iacet
1054 2507 1157 2567 obruta
1183 2521 1284 2580 ponto.
1367 2513 1368 2550 t

303 2602 328 2649 t.
345 2590 395 2648 lle
408 2589 500 2646 discat
515 2618 547 2631 -
564 2594 654 2644 maias
671 2587 708 2643 sit
726 2590 857 2646 scandere
874 2591 976 2657 colles,
995 2614 1033 2647 an
1049 2608 1158 2648 vestros
1176 2599 1285 2666 rupisse

301 2678 413 2755 globos·
446 2677 553 2730 Terent.
571 2674 664 2728 {icant
682 2671 716 2739 8,
740 2675 774 2741 1,
790 2673 832 2728 75.
851 2695 937 2748 neqve
953 2676 983 2731 iel
1000 2675 1130 2752 putabit,
1158 2663 1281 2750 pravum
1366 2689 1367 2708 ¹

238 2769 240 2777 ’
301 2785 339 2822 an
362 2773 467 2821 rectum
488 2764 543 2828 sit,
578 2761 654 2834 quocl
678 2767 763 2833 petet.
783 2763 833 2819 abi
857 2760 904 2818 atii
933 2763 996 2823 titii
1019 2782 1193 2836 pravumnes
1230 2767 1283 2820 vid.

259 2877 260 2882 ¹
300 2851 396 2906 Faerni
415 2857 472 2902 not.
504 2848 557 2901 Cio.
579 2853 659 2914 Orati,
674 2844 717 2912 61,
737 2844 797 2902 204.
815 2851 845 2903 in
864 2865 919 2923 000
939 2849 1096 2922 quaesitum
1113 2861 1172 2922 est,
1191 2854 1221 2906 in
1231 2862 1284 2905 ito·

247 2975 251 2985 ,
301 2947 367 2991 tone
385 2937 499 2989 circuitu
519 2935 572 2991 illo
592 2937 751 2998 orationis,
769 2961 803 2976 -
820 2955 859 2988 an
879 2940 914 3004 in
940 2936 1088 3007 principiis
1108 2935 1221 3002 salum,
1246 2958 1283 2990 an
1365 2993 1366 3010 0

208 3019 210 3044 '
302 3027 332 3080 in
349 3019 492 3085 extremis,
511 3039 549 3072 00
569 3023 598 3074 in
617 3031 732 3089 utraque
748 3030 829 3090 parte
845 3037 973 3074 numerus
999 3020 1132 3075 tenendas
1150 3025 1210 3096 sit.¹
1235 3024 1282 3076 sil.

292 3105 398 3171 matt,
415 3102 475 3160 806.
496 3105 604 3175 ipsique
622 3103 764 3167 relictum,
790 3102 921 3159 abnueret
936 3111 1066 3171 10001000,
1091 3127 1130 3161 an
1151 3125 1284 3179 superum

299 3201 409 3268 pareret
434 3190 542 3244 honori.
577 3191 683 3240 Steton.
703 3187 828 3257 110047.
854 3193 936 3244 varia
954 3189 1092 3266 agitavit,
1109 3191 1282 3246 :Parthosne

300 3298 339 3332 an
361 3273 485 3331 Galbam
502 3271 622 3343 supplex
644 3265 769 3342 peteret,
800 3292 838 3326 an
859 3285 970 3328 atratus
995 3276 1123 3346 prodiret
1139 3278 1169 3329 in
1186 3277 1281 3348 publi·

299 3379 370 3417 cum.
405 3356 558 3411 61010001.
581 3359 614 3421 2,
635 3354 685 3420 15,
708 3355 752 3411 48.
766 3368 809 3416 =ut
834 3375 891 3412 000
916 3359 999 3428 modo
1017 3377 1075 3415 non
1099 3365 1281 3428 internoscat,

298 3451 361 3501 visa
379 3437 450 3499 ‘vera
473 3442 527 3500 illa
550 3444 608 3498 sint
630 3432 823 3531 anne'fclsa,
848 3442 898 3500 sed
913 3457 945 3499 ut
964 3445 1053 3508 initis
1077 3431 1155 3502 nibil
1169 3451 1280 3504 intersit

298 3549 421 3588 omnmo.

202 3707 206 3713 ,
293 3638 345 3701 6.
373 3633 413 3699 In
434 3627 485 3696 his
510 3631 664 3696 omnibus
686 3627 880 3697 bimembris
904 3641 953 3696 ost
976 3635 1214 3722 sententieper
1230 3659 1280 3700 00
1362 3639 1363 3662 ³

198 3775 204 3782 .
231 3719 403 3784 disiuncta.
448 3717 532 3802 Sed,
555 3726 593 3780 ut
613 3716 651 3781 fit
674 3717 711 3780 in
729 3737 935 3807 quacumque
958 3716 1197 3804 disiunctione,
1227 3722 1279 3784 el-

228 3816 298 3872 teta
327 3829 403 3892 pars
426 3812 535 3893 potest
559 3803 781 3890 oppositionis
813 3804 845 3868 vi
866 3803 1014 3886 intendi,
1042 3814 1079 3867 ut
1103 3804 1184 3870 haec
1211 3827 1279 3874 una
1361 3845 1362 3858 ,

227 3891 375 3957 maxime
412 3888 652 3964 consideretur,
687 3889 786 3954 altera
806 3910 868 3976 por
898 3888 983 3952 hanc
1009 3889 1276 3977 inaequalitatem

202 3991 207 4007 “
227 3976 374 4066 neglecta
391 3975 583 4040 omittatur,
617 3975 748 4040 Omissa
767 3973 868 4067 igitur
881 3973 983 4038 altera
999 3975 1054 4042 illa
1068 3987 1183 4064 parte,
1208 3997 1277 4042 una

227 4065 366 4152 ponitur
389 4059 549 4149 porticulo
571 4081 639 4142 00,
672 4082 791 4148 quam,
820 4060 848 4124 si
882 4061 1132 4147 oppositionem
1161 4073 1274 4148 tenes,

147 4211 151 4228 ‚
226 4172 289 4237 pro
312 4173 359 4214 00
373 4146 512 4236 potius,
546 4169 593 4212 00
612 4146 748 4239 magis,
774 4169 822 4215 00
839 4157 959 4214 contra
974 4147 1137 4238 ‚accipere
1158 4159 1271 4238 potes.
1359 4207 1360 4214 ,

461 4320 465 4326 .
562 4299 579 4345 (i

754 4433 761 4472 ,
785 4437 786 4442 ,
