2760 4748
152 811 165 842 t

198 427 200 432 Ι
246 327 309 403 400
634 325 893 410 ANTEQVAM.

246 485 477 580 imperfectum
491 483 685 572 requisituri
711 483 767 547 ubi
788 477 973 576 perfeptum
994 476 1161 543 indicativi
1184 479 1292 566 poni-

246 588 320 655 tur,
350 597 402 639 res
432 593 492 660 per
522 593 557 636 sc
589 577 733 650 canstat,
768 577 800 632 et
827 566 1014 650 designatur
1038 574 1170 642 tantum
1201 575 1293 630 certa

245 663 394 728 notione.

359 773 437 844 Quod
461 773 514 828 cic.
536 776 608 828 Brut.
634 775 681 841 18,
705 773 748 828 72.
781 758 951 828 bic'Livias
972 797 1008 812 -
1033 786 1106 824 auno
1133 766 1196 838 ipse
1213 778 1289 830 aute,

316 884 399 941 qaam
417 871 499 915 natas
514 872 565 914 est
573 859 691 916 Eunias.
708 861 787 920 aliter,
804 855 945 910 Suetonius
959 855 1038 926 Vesp.
1054 854 1081 910 2.
1100 855 1290 926 quiaquermio

272 1002 275 1010 ,
318 961 402 1012 ante,
428 963 510 1017 quam
530 945 675 1018 Augustas
699 941 851 999 excederet.
886 941 943 996 Lis.
962 939 1016 1004 41,
1033 940 1067 1006 2,
1087 922 1130 992 10.
1149 937 1291 1008 proelium

316 1033 438 1090 amorius
457 1057 489 1106 3-
502 1024 584 1098 fuit,
610 1034 659 1085 ae'c
673 1040 738 1084 aute
752 1023 873 1098 finitum
892 1045 976 1100 quam
994 1041 1047 1098 pro
1063 1025 1210 1097 paucitate
1225 1024 1291 1077 resi·

316 1121 450 1174 stantium
462 1109 538 1184 fait.
859 1112 864 1122 '
910 1189 912 1196 Α
995 1109 1001 1127 ’

351 1220 405 1272 Cic.
418 1218 446 1268 in
466 1217 542 1269 verr.
559 1215 592 1278 2,
612 1209 739 1280 57‚140.
760 1216 894 1285 usquein
913 1209 964 1267 liae
986 1231 1015 1266 re
1039 1210 1104 1266 solu
1126 1207 1194 1283 suit
1219 1215 1289 1266 eius·
1361 1219 1362 1224 ’

315 1303 402 1367 modi,
420 1295 477 1362 secl,
496 1311 643 1374 antequam
663 1318 714 1372 ego
736 1305 765 1362 in
777 1299 906 1354 Siciliam
922 1300 996 1364 oeni,
1015 1300 1044 1352 iu
1060 1285 1191 1351 messinis
1209 1295 1290 1351 rebus
1361 1295 1362 1316 ³

314 1409 349 1444 ac
364 1369 501 1460 plurimis.
539 1386 557 1436 i.
576 1403 600 1437 e.
623 1395 684 1437 ante
708 1387 847 1438 adventum
869 1396 961 1438 meatu·
990 1383 1031 1433 'ad
1047 1372 1153 1447 Atti,
1170 1381 1197 1438 7.
1214 1385 1289 1453 equi-

316 1473 380 1528 slem
397 1483 544 1542 antequam
565 1479 628 1523 tuas
652 1469 708 1542 legi
726 1469 854 1535 litteras,
875 1467 1059 1532 inhominem
1076 1473 1115 1523 ire
1134 1465 1288 1536 capiebam.

315 1557 411 1626 Philip.
431 1555 479 1621 12,
496 1554 528 1619 9,
548 1553 592 1608 23.
612 1559 656 1609 cai
664 1551 717 1624 fui
734 1573 839 1626 seuiper
857 1556 979 1616 amicus,
1005 1557 1153 1624 autequam
1171 1551 1223 1606 ille
1239 1555 1289 1606 rei·

315 1640 446 1715 publicae
466 1638 599 1711 bonisque
616 1637 743 1693 omuibus
760 1650 818 1692 tam
843 1648 939 1710 aperte
961 1646 1004 1691 est
1026 1633 1129 1707 factus
1153 1638 1288 1690 iuimicus.

315 1731 388 1780 Brut.
414 1723 463 1787 18,
488 1723 531 1774 49.
559 1734 709 1795 autequam
726 1723 867 1778 delectata
889 1719 1099 1776 Atheniensium
1118 1723 1220 1775 civitas
1238 1720 1289 1775 liae

319 1810 404 1865 laude
424 1807 546 1871 dicendi,
565 1807 656 1862 multu
675 1810 731 1862 iam
749 1805 942 1863 memorabilia
958 1833 993 1847 -
1008 1803 1147 1878 effecerat.

353 1910 410 1962 Lis.
428 1907 444 1960 5
454 1947 462 1974 ,
477 1907 527 1975 33,
545 1907 571 1964 5.
590 1908 713 1964 dumetis
731 1913 834 1982 quippe
857 1911 938 1963 aenis
955 1919 1034 1971 aute,
1060 1927 1142 1980 quam
1162 1905 1287 1962 Clusium

315 2003 511 2069 oppugnarent
534 1991 680 2066 urbemque·
703 1993 824 2048 Romam
844 2003 989 2066 caperent,
1016 1997 1045 2048 ia
1068 1992 1185 2046 Italiam
1209 1992 1288 2048 Galli

314 2078 560 2135 transscenderuat.
602 2079 650 2130 Per
675 2079 855 2148 imperfectam
879 2079 1041 2146 significatur
1057 2079 1185 2146 temporis
1202 2090 1286 2130 mutua

315 2165 411 2222 relatio
429 2171 457 2214 et
475 2179 563 2214 nexus.
598 2166 706 2216 &etuas
729 2164 802 2216 Caes.
820 2163 862 2216 18.
890 2183 976 2236 neque
998 2181 1088 2228 aiore,
1116 2183 1206 2236 aeque
1221 2169 1286 2226 iure,
1361 2171 1362 2182 ¹

315 2260 464 2321 autequam
482 2235 641 2316 provinciae
665 2245 843 2312 crearentur,
869 2244 1014 2318 profectus
1038 2257 1087 2302 est.
1099 2251 1102 2256 '
1116 2265 1171 2300 non
1188 2261 1228 2301 est
1243 2252 1285 2301 fa·

317 2345 376 2387 ctae
399 2319 438 2386 rei
464 2331 572 2402 simplex
594 2334 715 2397 natatio,
744 2335 791 2386 sed
810 2333 887 2386 simul
913 2333 1071 2384 conditionis
1097 2335 1167 2386 ratio
1194 2335 1222 2386 iu
1239 2353 1285 2386 or·-

252 2414 255 2421 ’
316 2418 404 2471 nenda
430 2427 507 2468 antea
528 2419 678 2488 provincis,
709 2437 775 2488 quae
803 2419 921 2488 quamvis
947 2417 1051 2470 Caesari
1078 2419 1185 2487 cognita
1211 2431 1285 2489 esset,

313 2513 401 2558 umen
416 2500 549 2569 proiectus
567 2511 616 2556 est.

352 2619 407 2674 cie.
423 2638 450 2689 p.
466 2618 553 2670 Planc-
566 2617 610 2683 41,
628 2617 672 2671 98.
690 2621 738 2693 qui
752 2579 904 2693 'antequam
921 2616 956 2674 ele
973 2633 1032 2674 meo
1053 2619 1176 2677 adventu
1192 2622 1284 2678 audire

313 2710 472 2781 potuissent
484 2729 521 2762 ,-
539 2703 568 2756 iu
587 2701 792 2758 Macedoniam
809 2705 848 2760 ad
867 2704 1062 2779 Planciumque
1077 2711 1199 2779 perrexi.

349 2827 382 2878 ln
405 2824 503 2876 Tibulle
531 2821 565 2886 1,
589 2819 623 2890 8,
649 2817 692 2874 85.
716 2836 799 2896 quam
827 2821 894 2878 belse
919 2825 1040 2879 Saturno
1066 2822 1202 2881 vivebant
1226 2847 1285 2899 rege

313 2911 410 2982 prius,
428 2925 511 2981 quam
530 2905 615 2962 tellus
637 2909 667 2962 iu
683 2906 783 2980 longas
799 2919 841 2962 est
857 2904 1005 2980 patefacta
1018 2912 1090 2964 vias.
1110 2909 1230 2964 narranti
1244 2912 1284 2964 di·
1360 2923 1361 2986 j

316 2993 425 3047 cendum
451 3003 509 3045 erat
534 2995 697 3063 priusquam
719 2990 865 3063 patefacta
884 3003 955 3046 esset
977 2994 1030 3046 sire
1048 2992 1218 3065 patefieret,
1243 2994 1285 3048 sed
1360 2993 1361 3022 ³

314 3089 395 3150 poeta
409 3087 526 3130 versatur
544 3076 573 3126 in
589 3075 671 3144 ipsius
689 3077 813 3145 temporis
838 3077 1029 3146 descriptione,
1057 3080 1170 3136 athene
1187 3081 1284 3132 Docle-

137 3119 151 3145 κ
241 3199 245 3211 t
313 3165 375 3242 laius
392 3163 459 3215 vidit
475 3180 501 3230 p.
518 3156 578 3213 215.
613 3161 712 3227 Neque
737 3153 813 3212 elite'r
837 3163 925 3215 Livius
951 3161 1284 3233 9‚13‚1o.qu0didem

312 3247 456 3312 Doelbkius
481 3260 535 3294 uun
558 3243 692 3312 perspexit
723 3245 852 3296 scribens:
884 3245 1004 3302 obsessis
1028 3252 1190 3320 priusquam
1216 3249 1284 3304 alter

313 3327 412 3383 consul
438 3327 542 3399 uictore
567 3329 701 3381 exercitu
717 3327 839 3384 advenit·
887 3333 1056 3385 scribendum
1085 3345 1142 3387 erat
1168 3334 1284 3390 obsessis

314 3414 411 3486 prius,
431 3425 512 3498 quam
529 3441 564 3455 -
581 3411 718 3477 advertit}
737 3415 765 3465 in
784 3417 909 3486 temporis
929 3418 1122 3496 despriptioue,
1146 3439 1212 3492 quae
1233 3419 1282 3474 uli-

315 3505 438 3570 quantum
457 3493 545 3550 differt
560 3515 576 3550 a
595 3509 682 3550 restim
699 3500 858 3553 narratione.
1255 3522 1259 3531 ,

246 3623 331 3689 Hinc
368 3620 531 3709 sequitur,
568 3617 717 3706 perfecto
754 3621 918 3688 indicativi
956 3622 1071 3692 locum
1108 3647 1177 3690 esse
1212 3621 1283 3714 ple·
1359 3623 1360 3672 t

246 3728 404 3793 sumque,
429 3706 484 3770 ubi
502 3704 547 3772 vis
566 3704 722 3768 orationis
739 3707 853 3770 nititur
872 3709 907 3772 in
931 3711 1092 3798 temporis
1115 3712 1282 3798 particulis
1359 3707 1360 3710 ¹

247 3803 346 3867 aute,
358 3793 477 3876 priua,
500 3789 590 3876 quod
604 3786 755 3854 fitetiam
772 3814 866 3884 saepe
882 3793 988 3859 addita
1003 3799 1196 3884 negationes
1215 3819 1284 3862 aaa

248 3887 348 3963 ante,
371 3887 547 3954 nocente,
565 3897 633 3938 riou
670 3875 753 3940 rias.
796 3878 867 3942 Hau
883 3899 986 3965 quum
1004 3881 1182 3946 Doclekius
1199 3881 1283 3948 bene
1357 3909 1358 3916 ¹

248 3963 466 4038 observasset,
489 3963 613 4024 novus'n
660 3973 803 4026 coretum
821 3961 898 4028 fecit
912 3987 945 4051 p.
962 3967 1055 4048 215„
1079 3983 1122 4031 ex
1138 3989 1205 4054 quo
1223 3968 1283 4032 ad-

246 4047 510 4135 ieataucgatione
523 4044 642 4132 ubique
653 4047 687 4110 in
702 4049 888 4126 narratione
901 4051 1284 4140 occurreretperfectuin

247 4131 423 4207 indicativi.
473 4129 557 4201 lium
570 4141 681 4213 tamen
696 4133 913 4223 explicatione
930 4158 1002 4211 uon
1017 4138 1093 4214 eatis
1112 4138 1295 4230 explicuit.¹
