<?xml version="1.0" encoding="UTF-8"?>
<!DOCTYPE html PUBLIC "-//W3C//DTD XHTML 1.0 Transitional//EN"
    "http://www.w3.org/TR/xhtml1/DTD/xhtml1-transitional.dtd">
<html xmlns="http://www.w3.org/1999/xhtml" xml:lang="en" lang="en">
 <head>
  <title>
</title>
<meta http-equiv="Content-Type" content="text/html;charset=utf-8" />
  <meta name='ocr-system' content='tesseract 3.04.00' />
  <meta name='ocr-capabilities' content='ocr_page ocr_carea ocr_par ocr_line ocrx_word'/>
</head>
<body>
  <div class='ocr_page' id='page_1' title='image "./ferdinandihandi00torsgoog_0335.png"; bbox 0 0 2764 4746; ppageno 0'>
   <div class='ocr_carea' id='block_1_1' title="bbox 593 251 1146 376">
    <p class='ocr_par' dir='ltr' id='par_1_1' title="bbox 593 251 1308 376">
     <span class='ocr_line' id='line_1_1' title="bbox 593 251 1146 376; baseline 0.013 -10"><span class='ocrx_word' id='word_1_1' title='bbox 593 299 663 366; x_wconf 77' lang='lat' dir='ltr'><strong><em>AN.</em></strong></span> <span class='ocrx_word' id='word_1_2' title='bbox 741 311 744 316; x_wconf 91' lang='lat'>·</span> <span class='ocrx_word' id='word_1_3' title='bbox 1058 251 1146 376; x_wconf 59' lang='grc' dir='ltr'><strong><em>ι313</em></strong></span> 
     </span>
    </p>
   </div>
   <div class='ocr_carea' id='block_1_2' title="bbox 143 451 1171 868">
    <p class='ocr_par' dir='ltr' id='par_1_2' title="bbox 143 451 1171 868">
     <span class='ocr_line' id='line_1_2' title="bbox 143 451 1144 532; baseline 0 -18"><span class='ocrx_word' id='word_1_4' title='bbox 143 491 146 496; x_wconf 94' lang='grc'>-</span> <span class='ocrx_word' id='word_1_5' title='bbox 170 459 231 514; x_wconf 76' lang='lat' dir='ltr'><strong><em>cirre</em></strong></span> <span class='ocrx_word' id='word_1_6' title='bbox 241 455 322 512; x_wconf 69' lang='lat' dir='ltr'><strong><em>‘duce</em></strong></span> <span class='ocrx_word' id='word_1_7' title='bbox 336 451 409 532; x_wconf 75' lang='lat' dir='ltr'><strong><em>ullo,</em></strong></span> <span class='ocrx_word' id='word_1_8' title='bbox 428 457 488 510; x_wconf 79' lang='lat' dir='ltr'><strong><em>cirre</em></strong></span> <span class='ocrx_word' id='word_1_9' title='bbox 509 455 600 512; x_wconf 75' lang='lat' dir='ltr'><strong><em>indice</em></strong></span> <span class='ocrx_word' id='word_1_10' title='bbox 616 459 772 526; x_wconf 78' lang='lat' dir='ltr'><strong><em>perverterit</em></strong></span> <span class='ocrx_word' id='word_1_11' title='bbox 788 454 826 508; x_wconf 84' lang='lat' dir='ltr'><strong><em>ad</em></strong></span> <span class='ocrx_word' id='word_1_12' title='bbox 843 453 913 513; x_wconf 77' lang='lat' dir='ltr'><strong><em>lanc</em></strong></span> <span class='ocrx_word' id='word_1_13' title='bbox 927 457 1144 528; x_wconf 74' lang='lat' dir='ltr'><strong><em>improbitatem,</em></strong></span> 
     </span>
     <span class='ocr_line' id='line_1_3' title="bbox 171 539 1171 612; baseline 0.004 -14"><span class='ocrx_word' id='word_1_14' title='bbox 171 545 275 598; x_wconf 80' lang='lat' dir='ltr'><strong><em>nescio.</em></strong></span> <span class='ocrx_word' id='word_1_15' title='bbox 309 542 398 593; x_wconf 85' lang='lat' dir='ltr'><strong><em>Valer.</em></strong></span> <span class='ocrx_word' id='word_1_16' title='bbox 419 542 488 592; x_wconf 87' lang='lat' dir='ltr'><strong><em>Max.</em></strong></span> <span class='ocrx_word' id='word_1_17' title='bbox 506 541 544 606; x_wconf 86' lang='grc'><strong><em>9,</em></strong></span> <span class='ocrx_word' id='word_1_18' title='bbox 559 539 585 595; x_wconf 82' lang='grc'><strong>6.</strong></span> <span class='ocrx_word' id='word_1_19' title='bbox 604 544 663 594; x_wconf 83' lang='lat' dir='ltr'><strong><em>Ext.</em></strong></span> <span class='ocrx_word' id='word_1_20' title='bbox 682 541 709 596; x_wconf 80' lang='lat'><strong><em>8.</em></strong></span> <span class='ocrx_word' id='word_1_21' title='bbox 738 552 796 595; x_wconf 87' lang='lat' dir='ltr'><strong><em>tam</em></strong></span> <span class='ocrx_word' id='word_1_22' title='bbox 821 539 988 612; x_wconf 74' lang='lat' dir='ltr'><strong><em>deformiter</em></strong></span> <span class='ocrx_word' id='word_1_23' title='bbox 1011 549 1079 600; x_wconf 84' lang='lat' dir='ltr'><strong><em>victi</em></strong></span> <span class='ocrx_word' id='word_1_24' title='bbox 1101 567 1146 602; x_wconf 83' lang='lat' dir='ltr'><strong><em>ne·</em></strong></span> <span class='ocrx_word' id='word_1_25' title='bbox 1169 545 1171 553; x_wconf 72' lang='grc'>’</span> 
     </span>
     <span class='ocr_line' id='line_1_4' title="bbox 171 614 1145 698; baseline 0.004 -16"><span class='ocrx_word' id='word_1_26' title='bbox 171 629 245 682; x_wconf 80' lang='lat' dir='ltr'><strong><em>scias</em></strong></span> <span class='ocrx_word' id='word_1_27' title='bbox 262 637 353 682; x_wconf 80' lang='lat' dir='ltr'><strong><em>cetrum</em></strong></span> <span class='ocrx_word' id='word_1_28' title='bbox 378 624 544 681; x_wconf 77' lang='lat' dir='ltr'><strong><em>insolentior</em></strong></span> <span class='ocrx_word' id='word_1_29' title='bbox 563 627 666 684; x_wconf 80' lang='lat' dir='ltr'><strong><em>dictum</em></strong></span> <span class='ocrx_word' id='word_1_30' title='bbox 690 647 728 679; x_wconf 81' lang='lat' dir='ltr'><strong><em>arr</em></strong></span> <span class='ocrx_word' id='word_1_31' title='bbox 748 623 946 698; x_wconf 73' lang='lat' dir='ltr'><strong><em>impudentius.</em></strong></span> <span class='ocrx_word' id='word_1_32' title='bbox 963 614 1145 686; x_wconf 52' lang='lat' dir='ltr'><strong><em>&#39;Ge‘rnhardnr</em></strong></span> 
     </span>
     <span class='ocr_line' id='line_1_5' title="bbox 170 703 1146 782; baseline 0.007 -17"><span class='ocrx_word' id='word_1_33' title='bbox 170 723 260 778; x_wconf 82' lang='lat' dir='ltr'><strong><em>errat,</em></strong></span> <span class='ocrx_word' id='word_1_34' title='bbox 274 729 353 780; x_wconf 89' lang='lat' dir='ltr'><strong><em>quum</em></strong></span> <span class='ocrx_word' id='word_1_35' title='bbox 369 709 397 762; x_wconf 90' lang='lat' dir='ltr'><strong><em>in</em></strong></span> <span class='ocrx_word' id='word_1_36' title='bbox 417 711 459 763; x_wconf 77' lang='lat' dir='ltr'><strong><em>hir</em></strong></span> <span class='ocrx_word' id='word_1_37' title='bbox 476 711 595 764; x_wconf 77' lang='lat' dir='ltr'><strong><em>omnibus</em></strong></span> <span class='ocrx_word' id='word_1_38' title='bbox 613 713 728 764; x_wconf 69' lang='lat' dir='ltr'><strong><em>secando</em></strong></span> <span class='ocrx_word' id='word_1_39' title='bbox 745 713 805 766; x_wconf 89' lang='lat' dir='ltr'><strong><em>loco</em></strong></span> <span class='ocrx_word' id='word_1_40' title='bbox 823 703 926 782; x_wconf 71' lang='lat' dir='ltr'><strong><em>gravina</em></strong></span> <span class='ocrx_word' id='word_1_41' title='bbox 944 723 972 768; x_wconf 86' lang='lat' dir='ltr'><strong><em>et</em></strong></span> <span class='ocrx_word' id='word_1_42' title='bbox 991 715 1146 772; x_wconf 79' lang='lat' dir='ltr'><strong><em>insolentiae</em></strong></span> 
     </span>
     <span class='ocr_line' id='line_1_6' title="bbox 170 779 1035 868; baseline 0.002 -18"><span class='ocrx_word' id='word_1_43' title='bbox 170 798 235 868; x_wconf 87' lang='lat' dir='ltr'><strong><em>poni</em></strong></span> <span class='ocrx_word' id='word_1_44' title='bbox 253 795 395 848; x_wconf 70' lang='lat' dir='ltr'><strong><em>existimat.</em></strong></span> <span class='ocrx_word' id='word_1_45' title='bbox 412 796 466 849; x_wconf 85' lang='lat' dir='ltr'><strong><em>rid.</em></strong></span> <span class='ocrx_word' id='word_1_46' title='bbox 480 797 535 852; x_wconf 81' lang='lat' dir='ltr'><strong><em>eiua</em></strong></span> <span class='ocrx_word' id='word_1_47' title='bbox 551 798 648 852; x_wconf 76' lang='lat' dir='ltr'><strong><em>(iomar.</em></strong></span> <span class='ocrx_word' id='word_1_48' title='bbox 663 815 745 868; x_wconf 83' lang='lat' dir='ltr'><strong><em>gram.</em></strong></span> <span class='ocrx_word' id='word_1_49' title='bbox 758 819 785 866; x_wconf 88' lang='lat' dir='ltr'><strong><em>p.</em></strong></span> <span class='ocrx_word' id='word_1_50' title='bbox 799 796 825 852; x_wconf 79' lang='lat'><strong><em>5.</em></strong></span> <span class='ocrx_word' id='word_1_51' title='bbox 1031 779 1035 796; x_wconf 29' lang='lat' dir='ltr'><strong><em>i</em></strong></span> 
     </span>
    </p>
   </div>
   <div class='ocr_carea' id='block_1_3' title="bbox 111 875 1262 1127">
    <p class='ocr_par' dir='ltr' id='par_1_3' title="bbox 111 875 1262 1127">
     <span class='ocr_line' id='line_1_7' title="bbox 111 875 1147 982; baseline 0.004 -30"><span class='ocrx_word' id='word_1_52' title='bbox 111 950 113 958; x_wconf 80' lang='grc'><strong>,</strong></span> <span class='ocrx_word' id='word_1_53' title='bbox 135 967 138 974; x_wconf 25' lang='lat'>¹</span> <span class='ocrx_word' id='word_1_54' title='bbox 203 899 289 952; x_wconf 85' lang='lat' dir='ltr'><strong><em>Plant.</em></strong></span> <span class='ocrx_word' id='word_1_55' title='bbox 302 899 359 950; x_wconf 89' lang='lat' dir='ltr'><strong><em>Mil.</em></strong></span> <span class='ocrx_word' id='word_1_56' title='bbox 376 896 411 964; x_wconf 93' lang='grc'><strong><em>4,</em></strong></span> <span class='ocrx_word' id='word_1_57' title='bbox 427 875 454 963; x_wconf 85' lang='grc'><strong><em>6,</em></strong></span> <span class='ocrx_word' id='word_1_58' title='bbox 470 897 514 952; x_wconf 81' lang='grc'><strong>60.</strong></span> <span class='ocrx_word' id='word_1_59' title='bbox 538 901 639 966; x_wconf 78' lang='lat' dir='ltr'><strong><em>nescio,</em></strong></span> <span class='ocrx_word' id='word_1_60' title='bbox 662 901 721 955; x_wconf 70' lang='lat' dir='ltr'><strong><em>ture*</em></strong></span> <span class='ocrx_word' id='word_1_61' title='bbox 749 918 784 954; x_wconf 77' lang='lat' dir='ltr'><strong><em>ex</em></strong></span> <span class='ocrx_word' id='word_1_62' title='bbox 814 919 856 954; x_wconf 91' lang='lat' dir='ltr'><strong><em>me</em></strong></span> <span class='ocrx_word' id='word_1_63' title='bbox 875 899 927 982; x_wconf 79' lang='lat' dir='ltr'><strong><em>loc</em></strong></span> <span class='ocrx_word' id='word_1_64' title='bbox 951 901 1092 966; x_wconf 80' lang='lat' dir='ltr'><strong><em>audieris,</em></strong></span> <span class='ocrx_word' id='word_1_65' title='bbox 1109 922 1147 957; x_wconf 84' lang='lat' dir='ltr'><strong><em>art</em></strong></span> 
     </span>
     <span class='ocr_line' id='line_1_8' title="bbox 131 975 1262 1067; baseline 0.002 -27"><span class='ocrx_word' id='word_1_66' title='bbox 131 975 237 1040; x_wconf 32' lang='lat' dir='ltr'><strong><em>&#39;encra</em></strong></span> <span class='ocrx_word' id='word_1_67' title='bbox 256 985 376 1067; x_wconf 66' lang='lat' dir='ltr'><strong><em>¹&#39;l&#39;ereat</em></strong></span> <span class='ocrx_word' id='word_1_68' title='bbox 402 986 496 1039; x_wconf 79' lang='lat' dir='ltr'><strong><em>licant.</em></strong></span> <span class='ocrx_word' id='word_1_69' title='bbox 522 984 554 1052; x_wconf 82' lang='lat'><strong><em>3,</em></strong></span> <span class='ocrx_word' id='word_1_70' title='bbox 580 987 614 1054; x_wconf 82' lang='lat'><strong><em>2,</em></strong></span> <span class='ocrx_word' id='word_1_71' title='bbox 639 983 682 1040; x_wconf 78' lang='grc'><strong>60.</strong></span> <span class='ocrx_word' id='word_1_72' title='bbox 711 987 802 1042; x_wconf 84' lang='lat' dir='ltr'><strong><em>ioccrr&#39;</em></strong></span> <span class='ocrx_word' id='word_1_73' title='bbox 818 1006 855 1039; x_wconf 84' lang='lat' dir='ltr'><strong><em>arr</em></strong></span> <span class='ocrx_word' id='word_1_74' title='bbox 870 990 943 1042; x_wconf 85' lang='lat' dir='ltr'><strong><em>serio</em></strong></span> <span class='ocrx_word' id='word_1_75' title='bbox 962 985 1046 1044; x_wconf 85' lang='lat' dir='ltr'><strong><em>illaec</em></strong></span> <span class='ocrx_word' id='word_1_76' title='bbox 1062 987 1148 1058; x_wconf 83' lang='lat' dir='ltr'><strong><em>dicct,</em></strong></span> <span class='ocrx_word' id='word_1_77' title='bbox 1259 1015 1262 1019; x_wconf 92' lang='lat'>·</span> 
     </span>
     <span class='ocr_line' id='line_1_9' title="bbox 168 1087 275 1127; baseline 0.009 -1"><span class='ocrx_word' id='word_1_78' title='bbox 168 1087 275 1127; x_wconf 79' lang='lat' dir='ltr'><strong><em>mereto.</em></strong></span> 
     </span>
    </p>
   </div>
   <div class='ocr_carea' id='block_1_4' title="bbox 162 1163 1251 1584">
    <p class='ocr_par' dir='ltr' id='par_1_4' title="bbox 162 1163 1251 1584">
     <span class='ocr_line' id='line_1_10' title="bbox 205 1163 1148 1244; baseline 0.007 -18"><span class='ocrx_word' id='word_1_79' title='bbox 205 1173 263 1226; x_wconf 71' lang='lat' dir='ltr'><strong><em>Lim</em></strong></span> <span class='ocrx_word' id='word_1_80' title='bbox 277 1169 329 1237; x_wconf 79' lang='lat'><strong><em>84,</em></strong></span> <span class='ocrx_word' id='word_1_81' title='bbox 345 1170 379 1236; x_wconf 82' lang='lat'><strong><em>2,</em></strong></span> <span class='ocrx_word' id='word_1_82' title='bbox 398 1169 425 1224; x_wconf 87' lang='grc'><strong><em>6.</em></strong></span> <span class='ocrx_word' id='word_1_83' title='bbox 444 1163 511 1227; x_wconf 76' lang='lat' dir='ltr'><strong><em>laic</em></strong></span> <span class='ocrx_word' id='word_1_84' title='bbox 531 1176 719 1230; x_wconf 72' lang='lat' dir='ltr'><strong><em>consternatio</em></strong></span> <span class='ocrx_word' id='word_1_85' title='bbox 738 1170 881 1230; x_wconf 78' lang='lat' dir='ltr'><strong><em>muliebris</em></strong></span> <span class='ocrx_word' id='word_1_86' title='bbox 898 1202 929 1216; x_wconf 96' lang='lat'>-</span> <span class='ocrx_word' id='word_1_87' title='bbox 947 1180 1039 1240; x_wconf 71' lang='lat' dir='ltr'><strong><em>nereio</em></strong></span> <span class='ocrx_word' id='word_1_88' title='bbox 1057 1174 1148 1244; x_wconf 81' lang='lat' dir='ltr'><strong><em>cobis,</em></strong></span> 
     </span>
     <span class='ocr_line' id='line_1_11' title="bbox 170 1241 1148 1342; baseline 0.003 -30"><span class='ocrx_word' id='word_1_89' title='bbox 170 1257 294 1322; x_wconf 77' lang='lat' dir='ltr'><strong><em>tribuni,</em></strong></span> <span class='ocrx_word' id='word_1_90' title='bbox 315 1241 352 1311; x_wconf 82' lang='lat' dir='ltr'><strong><em>ari</em></strong></span> <span class='ocrx_word' id='word_1_91' title='bbox 372 1254 531 1312; x_wconf 76' lang='lat' dir='ltr'><strong><em>consulibus</em></strong></span> <span class='ocrx_word' id='word_1_92' title='bbox 553 1261 691 1331; x_wconf 80' lang='lat' dir='ltr'><strong><em>magissit</em></strong></span> <span class='ocrx_word' id='word_1_93' title='bbox 709 1255 855 1330; x_wconf 77' lang='lat' dir='ltr'><strong><em>deformis.</em></strong></span> <span class='ocrx_word' id='word_1_94' title='bbox 890 1263 975 1314; x_wconf 81' lang='lat' dir='ltr'><strong><em>Praei.</em></strong></span> <span class='ocrx_word' id='word_1_95' title='bbox 997 1263 1060 1318; x_wconf 82' lang='lat' dir='ltr'><strong><em>libr.</em></strong></span> <span class='ocrx_word' id='word_1_96' title='bbox 1077 1263 1102 1342; x_wconf 73' lang='lat'><strong><em>¹3</em></strong></span> <span class='ocrx_word' id='word_1_97' title='bbox 1124 1264 1148 1315; x_wconf 90' lang='lat'><strong><em>1.</em></strong></span> 
     </span>
     <span class='ocr_line' id='line_1_12' title="bbox 162 1339 1251 1420; baseline 0.006 -24"><span class='ocrx_word' id='word_1_98' title='bbox 162 1339 334 1416; x_wconf 73' lang='lat' dir='ltr'><strong><em>facturusne</em></strong></span> <span class='ocrx_word' id='word_1_99' title='bbox 358 1357 461 1412; x_wconf 83' lang='lat' dir='ltr'><strong><em>operae</em></strong></span> <span class='ocrx_word' id='word_1_100' title='bbox 478 1344 597 1413; x_wconf 76' lang='lat' dir='ltr'><strong><em>pretium</em></strong></span> <span class='ocrx_word' id='word_1_101' title='bbox 612 1345 675 1408; x_wconf 86' lang='lat' dir='ltr'><strong><em>sim,</em></strong></span> <span class='ocrx_word' id='word_1_102' title='bbox 693 1344 718 1396; x_wconf 84' lang='lat' dir='ltr'><strong><em>ri</em></strong></span> <span class='ocrx_word' id='word_1_103' title='bbox 734 1363 752 1398; x_wconf 85' lang='lat' dir='ltr'><strong><em>a</em></strong></span> <span class='ocrx_word' id='word_1_104' title='bbox 769 1344 925 1416; x_wconf 86' lang='lat' dir='ltr'><strong><em>primordio</em></strong></span> <span class='ocrx_word' id='word_1_105' title='bbox 943 1346 1078 1402; x_wconf 70' lang='lat' dir='ltr'><strong><em>erotem</em></strong></span> <span class='ocrx_word' id='word_1_106' title='bbox 1096 1365 1149 1420; x_wconf 84' lang='lat' dir='ltr'><strong><em>po·</em></strong></span> <span class='ocrx_word' id='word_1_107' title='bbox 1214 1371 1218 1388; x_wconf 63' lang='grc' dir='ltr'>ι</span> <span class='ocrx_word' id='word_1_108' title='bbox 1247 1373 1251 1381; x_wconf 69' lang='grc'>’</span> 
     </span>
     <span class='ocr_line' id='line_1_13' title="bbox 169 1427 1186 1502; baseline 0.008 -20"><span class='ocrx_word' id='word_1_109' title='bbox 169 1427 234 1502; x_wconf 78' lang='lat' dir='ltr'><strong><em>preli</em></strong></span> <span class='ocrx_word' id='word_1_110' title='bbox 249 1427 359 1480; x_wconf 83' lang='lat' dir='ltr'><strong><em>romani</em></strong></span> <span class='ocrx_word' id='word_1_111' title='bbox 375 1431 589 1499; x_wconf 74' lang='lat' dir='ltr'><strong><em>perscripserim,</em></strong></span> <span class='ocrx_word' id='word_1_112' title='bbox 608 1431 743 1484; x_wconf 69' lang='lat' dir='ltr'><strong><em>necuatir</em></strong></span> <span class='ocrx_word' id='word_1_113' title='bbox 763 1433 838 1495; x_wconf 82' lang='lat' dir='ltr'><strong><em>scio,</em></strong></span> <span class='ocrx_word' id='word_1_114' title='bbox 861 1450 925 1496; x_wconf 81' lang='lat' dir='ltr'><strong><em>aea,</em></strong></span> <span class='ocrx_word' id='word_1_115' title='bbox 940 1436 966 1488; x_wconf 82' lang='lat' dir='ltr'><strong><em>si</em></strong></span> <span class='ocrx_word' id='word_1_116' title='bbox 981 1435 1086 1500; x_wconf 70' lang='lat' dir='ltr'><strong><em>sciam,</em></strong></span> <span class='ocrx_word' id='word_1_117' title='bbox 1107 1433 1150 1492; x_wconf 86' lang='lat' dir='ltr'><strong><em>di·</em></strong></span> <span class='ocrx_word' id='word_1_118' title='bbox 1184 1485 1186 1490; x_wconf 93' lang='lat'><em>.</em></span> 
     </span>
     <span class='ocr_line' id='line_1_14' title="bbox 170 1511 1164 1584; baseline -0.006 -16"><span class='ocrx_word' id='word_1_119' title='bbox 170 1531 230 1568; x_wconf 88' lang='lat' dir='ltr'><strong><em>cere</em></strong></span> <span class='ocrx_word' id='word_1_120' title='bbox 246 1514 347 1568; x_wconf 80' lang='lat' dir='ltr'><strong><em>ausim.</em></strong></span> <span class='ocrx_word' id='word_1_121' title='bbox 382 1511 491 1565; x_wconf 84' lang='lat' dir='ltr'><strong><em>Terent.</em></strong></span> <span class='ocrx_word' id='word_1_122' title='bbox 512 1513 605 1567; x_wconf 81' lang='lat' dir='ltr'><strong><em>licent.</em></strong></span> <span class='ocrx_word' id='word_1_123' title='bbox 620 1511 654 1581; x_wconf 81' lang='lat'><strong><em>2,</em></strong></span> <span class='ocrx_word' id='word_1_124' title='bbox 671 1511 783 1584; x_wconf 31' lang='grc'><strong><em>8,,104.</em></strong></span> <span class='ocrx_word' id='word_1_125' title='bbox 884 1557 886 1562; x_wconf 90' lang='grc'><strong>.</strong></span> <span class='ocrx_word' id='word_1_126' title='bbox 1163 1519 1164 1522; x_wconf 77' lang='grc'>’</span> 
     </span>
    </p>
   </div>
   <div class='ocr_carea' id='block_1_5' title="bbox 101 1591 1262 2028">
    <p class='ocr_par' dir='ltr' id='par_1_5' title="bbox 164 1591 1262 1944">
     <span class='ocr_line' id='line_1_15' title="bbox 208 1591 1148 1695; baseline 0.009 -27"><span class='ocrx_word' id='word_1_127' title='bbox 208 1615 264 1668; x_wconf 86' lang='lat' dir='ltr'><strong><em>Gic.</em></strong></span> <span class='ocrx_word' id='word_1_128' title='bbox 285 1615 320 1667; x_wconf 85' lang='lat' dir='ltr'><strong><em>ad</em></strong></span> <span class='ocrx_word' id='word_1_129' title='bbox 338 1591 392 1667; x_wconf 75' lang='lat' dir='ltr'><strong><em>Ait.</em></strong></span> <span class='ocrx_word' id='word_1_130' title='bbox 416 1612 466 1680; x_wconf 80' lang='lat'><strong><em>13,</em></strong></span> <span class='ocrx_word' id='word_1_131' title='bbox 482 1612 526 1670; x_wconf 81' lang='grc'><strong>61.</strong></span> <span class='ocrx_word' id='word_1_132' title='bbox 560 1596 784 1695; x_wconf 50' lang='lat' dir='ltr'><strong><em>Quintufcrare</em></strong></span> <span class='ocrx_word' id='word_1_133' title='bbox 801 1615 851 1687; x_wconf 68' lang='lat' dir='ltr'><strong><em>red</em></strong></span> <span class='ocrx_word' id='word_1_134' title='bbox 867 1617 906 1671; x_wconf 84' lang='lat' dir='ltr'><strong><em>ad</em></strong></span> <span class='ocrx_word' id='word_1_135' title='bbox 922 1637 979 1680; x_wconf 88' lang='lat' dir='ltr'><strong><em>me,</em></strong></span> <span class='ocrx_word' id='word_1_136' title='bbox 995 1615 1034 1683; x_wconf 77' lang='lat' dir='ltr'><strong><em>¹ear</em></strong></span> <span class='ocrx_word' id='word_1_137' title='bbox 1051 1618 1091 1676; x_wconf 85' lang='lat' dir='ltr'><strong><em>ad</em></strong></span> <span class='ocrx_word' id='word_1_138' title='bbox 1110 1632 1148 1687; x_wconf 82' lang='lat' dir='ltr'><strong><em>te,</em></strong></span> 
     </span>
     <span class='ocr_line' id='line_1_16' title="bbox 164 1691 1262 1774; baseline 0.004 -21"><span class='ocrx_word' id='word_1_139' title='bbox 164 1702 276 1754; x_wconf 74' lang='grc' dir='ltr'><strong>οιοοοίο.</strong></span> <span class='ocrx_word' id='word_1_140' title='bbox 309 1699 342 1752; x_wconf 88' lang='lat' dir='ltr'><strong><em>de</em></strong></span> <span class='ocrx_word' id='word_1_141' title='bbox 357 1701 418 1754; x_wconf 83' lang='lat' dir='ltr'><strong><em>Nat.</em></strong></span> <span class='ocrx_word' id='word_1_142' title='bbox 434 1699 460 1751; x_wconf 90' lang='lat' dir='ltr'><strong><em>d.</em></strong></span> <span class='ocrx_word' id='word_1_143' title='bbox 476 1699 508 1764; x_wconf 86' lang='lat'><strong><em>1,</em></strong></span> <span class='ocrx_word' id='word_1_144' title='bbox 531 1699 582 1766; x_wconf 81' lang='grc'><strong><em>24,</em></strong></span> <span class='ocrx_word' id='word_1_145' title='bbox 606 1699 648 1752; x_wconf 83' lang='grc'><strong>66.</strong></span> <span class='ocrx_word' id='word_1_146' title='bbox 672 1719 741 1756; x_wconf 79' lang='lat' dir='ltr'><strong><em>cere</em></strong></span> <span class='ocrx_word' id='word_1_147' title='bbox 763 1720 801 1756; x_wconf 83' lang='lat' dir='ltr'><strong><em>cm</em></strong></span> <span class='ocrx_word' id='word_1_148' title='bbox 819 1696 921 1774; x_wconf 82' lang='lat' dir='ltr'><strong><em>salsa.</em></strong></span> <span class='ocrx_word' id='word_1_149' title='bbox 947 1697 1149 1757; x_wconf 56' lang='lat' dir='ltr'><strong><em>aerciosPlin.</em></strong></span> <span class='ocrx_word' id='word_1_150' title='bbox 1260 1691 1262 1701; x_wconf 54' lang='lat'><strong>¹</strong></span> 
     </span>
     <span class='ocr_line' id='line_1_17' title="bbox 171 1781 1150 1860; baseline 0.005 -23"><span class='ocrx_word' id='word_1_151' title='bbox 171 1785 221 1852; x_wconf 86' lang='lat' dir='ltr'><strong><em>Ep.</em></strong></span> <span class='ocrx_word' id='word_1_152' title='bbox 237 1783 271 1850; x_wconf 89' lang='lat'><strong><em>8,</em></strong></span> <span class='ocrx_word' id='word_1_153' title='bbox 295 1781 346 1847; x_wconf 76' lang='lat'><strong><em>12,</em></strong></span> <span class='ocrx_word' id='word_1_154' title='bbox 371 1783 396 1836; x_wconf 89' lang='lat'><strong><em>1.</em></strong></span> <span class='ocrx_word' id='word_1_155' title='bbox 420 1801 500 1856; x_wconf 77' lang='lat' dir='ltr'><strong><em>quem</em></strong></span> <span class='ocrx_word' id='word_1_156' title='bbox 524 1803 577 1860; x_wconf 78' lang='lat' dir='ltr'><strong><em>ego</em></strong></span> <span class='ocrx_word' id='word_1_157' title='bbox 599 1785 699 1850; x_wconf 71' lang='lat' dir='ltr'><strong><em>credite</em></strong></span> <span class='ocrx_word' id='word_1_158' title='bbox 724 1789 815 1840; x_wconf 84' lang='lat' dir='ltr'><strong><em>nescio</em></strong></span> <span class='ocrx_word' id='word_1_159' title='bbox 841 1788 933 1858; x_wconf 80' lang='lat' dir='ltr'><strong><em>magis</em></strong></span> <span class='ocrx_word' id='word_1_160' title='bbox 958 1783 1087 1852; x_wconf 79' lang='lat' dir='ltr'><strong><em>debeam,</em></strong></span> <span class='ocrx_word' id='word_1_161' title='bbox 1112 1809 1150 1842; x_wconf 80' lang='lat' dir='ltr'><strong><em>aa</em></strong></span> 
     </span>
     <span class='ocr_line' id='line_1_18' title="bbox 165 1856 1149 1944; baseline 0.007 -24"><span class='ocrx_word' id='word_1_162' title='bbox 165 1870 292 1938; x_wconf 73' lang='lat' dir='ltr'><strong><em>cupiam.</em></strong></span> <span class='ocrx_word' id='word_1_163' title='bbox 325 1867 408 1923; x_wconf 68' lang='lat' dir='ltr'><strong><em>eleut.</em></strong></span> <span class='ocrx_word' id='word_1_164' title='bbox 428 1870 503 1922; x_wconf 84' lang='lat' dir='ltr'><strong><em>(lure.</em></strong></span> <span class='ocrx_word' id='word_1_165' title='bbox 521 1867 554 1936; x_wconf 90' lang='grc'><strong><em>4,</em></strong></span> <span class='ocrx_word' id='word_1_166' title='bbox 575 1870 607 1935; x_wconf 93' lang='grc'><strong><em>1,</em></strong></span> <span class='ocrx_word' id='word_1_167' title='bbox 624 1869 652 1923; x_wconf 74' lang='lat'><strong><em>2.</em></strong></span> <span class='ocrx_word' id='word_1_168' title='bbox 670 1867 871 1938; x_wconf 72' lang='lat' dir='ltr'><strong><em>halophantam</em></strong></span> <span class='ocrx_word' id='word_1_169' title='bbox 887 1889 925 1923; x_wconf 86' lang='lat' dir='ltr'><strong><em>arr</em></strong></span> <span class='ocrx_word' id='word_1_170' title='bbox 946 1856 1149 1944; x_wconf 79' lang='lat' dir='ltr'><strong><em>sycophaniem</em></strong></span> 
     </span>
    </p>

    <p class='ocr_par' dir='ltr' id='par_1_6' title="bbox 101 1951 1150 2028">
     <span class='ocr_line' id='line_1_19' title="bbox 101 1951 1150 2028; baseline 0.004 -22"><span class='ocrx_word' id='word_1_171' title='bbox 101 2000 105 2011; x_wconf 81' lang='grc'><strong>,</strong></span> <span class='ocrx_word' id='word_1_172' title='bbox 170 1951 243 2006; x_wconf 78' lang='lat' dir='ltr'><strong><em>hunc</em></strong></span> <span class='ocrx_word' id='word_1_173' title='bbox 259 1953 349 2028; x_wconf 75' lang='lat' dir='ltr'><strong><em>magis</em></strong></span> <span class='ocrx_word' id='word_1_174' title='bbox 367 1954 536 2023; x_wconf 75' lang='lat' dir='ltr'><strong><em>arcadicum,</em></strong></span> <span class='ocrx_word' id='word_1_175' title='bbox 550 1957 651 2010; x_wconf 80' lang='lat' dir='ltr'><strong><em>neseio.</em></strong></span> <span class='ocrx_word' id='word_1_176' title='bbox 674 1955 832 2024; x_wconf 70' lang='lat' dir='ltr'><strong><em>aucuper,</em></strong></span> <span class='ocrx_word' id='word_1_177' title='bbox 851 1955 878 2021; x_wconf 80' lang='lat'><strong><em>2,</em></strong></span> <span class='ocrx_word' id='word_1_178' title='bbox 897 1954 938 2010; x_wconf 85' lang='lat'><strong><em>18.</em></strong></span> <span class='ocrx_word' id='word_1_179' title='bbox 956 1954 1072 2024; x_wconf 60' lang='lat' dir='ltr'><strong><em>Meros,</em></strong></span> <span class='ocrx_word' id='word_1_180' title='bbox 1084 1955 1110 2022; x_wconf 89' lang='grc'><strong><em>4,</em></strong></span> <span class='ocrx_word' id='word_1_181' title='bbox 1124 1955 1150 2010; x_wconf 81' lang='grc'><strong>5.</strong></span> 
     </span>
    </p>
   </div>
   <div class='ocr_carea' id='block_1_6' title="bbox 97 2055 1266 2489">
    <p class='ocr_par' dir='ltr' id='par_1_7' title="bbox 97 2055 1266 2489">
     <span class='ocr_line' id='line_1_20' title="bbox 186 2055 1150 2148; baseline 0 -26"><span class='ocrx_word' id='word_1_182' title='bbox 186 2061 220 2122; x_wconf 78' lang='grc'><strong>2.</strong></span> <span class='ocrx_word' id='word_1_183' title='bbox 248 2055 314 2124; x_wconf 87' lang='lat' dir='ltr'><strong><em>Sed</em></strong></span> <span class='ocrx_word' id='word_1_184' title='bbox 329 2057 425 2126; x_wconf 85' lang='lat' dir='ltr'><strong><em>sicuti</em></strong></span> <span class='ocrx_word' id='word_1_185' title='bbox 440 2059 476 2124; x_wconf 87' lang='lat' dir='ltr'><strong><em>in</em></strong></span> <span class='ocrx_word' id='word_1_186' title='bbox 493 2057 752 2148; x_wconf 79' lang='lat' dir='ltr'><strong><em>interrogatione</em></strong></span> <span class='ocrx_word' id='word_1_187' title='bbox 767 2057 978 2140; x_wconf 75' lang='lat' dir='ltr'><strong><em>disiunctiva,</em></strong></span> <span class='ocrx_word' id='word_1_188' title='bbox 1000 2057 1097 2122; x_wconf 83' lang='lat' dir='ltr'><strong><em>etiam</em></strong></span> <span class='ocrx_word' id='word_1_189' title='bbox 1113 2059 1150 2144; x_wconf 79' lang='lat' dir='ltr'><strong><em>in</em></strong></span> 
     </span>
     <span class='ocr_line' id='line_1_21' title="bbox 98 2141 1266 2234; baseline -0.003 -25"><span class='ocrx_word' id='word_1_190' title='bbox 98 2143 164 2209; x_wconf 90' lang='lat' dir='ltr'><strong><em>hac</em></strong></span> <span class='ocrx_word' id='word_1_191' title='bbox 183 2141 329 2208; x_wconf 82' lang='lat' dir='ltr'><strong><em>dictione</em></strong></span> <span class='ocrx_word' id='word_1_192' title='bbox 354 2144 470 2231; x_wconf 90' lang='lat' dir='ltr'><strong><em>opinio</em></strong></span> <span class='ocrx_word' id='word_1_193' title='bbox 491 2167 589 2234; x_wconf 76' lang='lat' dir='ltr'><strong><em>saepe</em></strong></span> <span class='ocrx_word' id='word_1_194' title='bbox 611 2144 650 2208; x_wconf 89' lang='lat' dir='ltr'><strong><em>ad</em></strong></span> <span class='ocrx_word' id='word_1_195' title='bbox 675 2143 919 2208; x_wconf 85' lang='lat' dir='ltr'><strong><em>alteramutrem</em></strong></span> <span class='ocrx_word' id='word_1_196' title='bbox 944 2153 1072 2231; x_wconf 84' lang='lat' dir='ltr'><strong><em>partem</em></strong></span> <span class='ocrx_word' id='word_1_197' title='bbox 1095 2147 1150 2207; x_wconf 86' lang='lat' dir='ltr'><strong><em>in·</em></strong></span> <span class='ocrx_word' id='word_1_198' title='bbox 1251 2142 1266 2169; x_wconf 82' lang='lat'><strong><em>&#39;‘</em></strong></span> 
     </span>
     <span class='ocr_line' id='line_1_22' title="bbox 99 2227 1240 2318; baseline -0.002 -24"><span class='ocrx_word' id='word_1_199' title='bbox 99 2230 223 2303; x_wconf 84' lang='lat' dir='ltr'><strong><em>clinet,</em></strong></span> <span class='ocrx_word' id='word_1_200' title='bbox 245 2227 356 2314; x_wconf 67' lang='lat' dir='ltr'><strong><em>isque,¹</em></strong></span> <span class='ocrx_word' id='word_1_201' title='bbox 368 2229 423 2318; x_wconf 89' lang='lat' dir='ltr'><strong><em>qui</em></strong></span> <span class='ocrx_word' id='word_1_202' title='bbox 442 2229 590 2311; x_wconf 61' lang='lat' dir='ltr'><strong><em>dubitare</em></strong></span> <span class='ocrx_word' id='word_1_203' title='bbox 607 2229 657 2298; x_wconf 86' lang='lat' dir='ltr'><strong><em>vel</em></strong></span> <span class='ocrx_word' id='word_1_204' title='bbox 673 2229 799 2294; x_wconf 82' lang='lat' dir='ltr'><strong><em>nescire</em></strong></span> <span class='ocrx_word' id='word_1_205' title='bbox 815 2251 849 2293; x_wconf 87' lang='lat' dir='ltr'><strong><em>se</em></strong></span> <span class='ocrx_word' id='word_1_206' title='bbox 866 2230 963 2310; x_wconf 89' lang='lat' dir='ltr'><strong><em>dicit,</em></strong></span> <span class='ocrx_word' id='word_1_207' title='bbox 986 2237 1042 2293; x_wconf 87' lang='lat' dir='ltr'><strong><em>aut</em></strong></span> <span class='ocrx_word' id='word_1_208' title='bbox 1056 2227 1150 2292; x_wconf 89' lang='lat' dir='ltr'><strong><em>aflir-</em></strong></span> <span class='ocrx_word' id='word_1_209' title='bbox 1236 2268 1240 2274; x_wconf 37' lang='grc' dir='ltr'><strong><em>ι</em></strong></span> 
     </span>
     <span class='ocr_line' id='line_1_23' title="bbox 97 2313 1149 2404; baseline -0.004 -22"><span class='ocrx_word' id='word_1_210' title='bbox 97 2315 285 2382; x_wconf 88' lang='lat' dir='ltr'><strong><em>mationem</em></strong></span> <span class='ocrx_word' id='word_1_211' title='bbox 300 2323 356 2378; x_wconf 89' lang='lat' dir='ltr'><strong><em>aut</em></strong></span> <span class='ocrx_word' id='word_1_212' title='bbox 375 2315 586 2404; x_wconf 84' lang='lat' dir='ltr'><strong><em>negationem</em></strong></span> <span class='ocrx_word' id='word_1_213' title='bbox 633 2324 885 2402; x_wconf 87' lang='lat' dir='ltr'><strong><em>raeoccupatam</em></strong></span> <span class='ocrx_word' id='word_1_214' title='bbox 908 2313 1038 2380; x_wconf 65' lang='lat' dir='ltr'><strong><em>habet.⁴</em></strong></span> <span class='ocrx_word' id='word_1_215' title='bbox 1061 2314 1149 2378; x_wconf 89' lang='lat' dir='ltr'><strong><em>Haec</em></strong></span> 
     </span>
     <span class='ocr_line' id='line_1_24' title="bbox 98 2336 1150 2489; baseline -0.002 -23"><span class='ocrx_word' id='word_1_216' title='bbox 98 2403 193 2468; x_wconf 84' lang='lat' dir='ltr'><strong><em>enim</em></strong></span> <span class='ocrx_word' id='word_1_217' title='bbox 220 2408 291 2464; x_wconf 82' lang='lat' dir='ltr'><strong><em>cst·</em></strong></span> <span class='ocrx_word' id='word_1_218' title='bbox 307 2401 540 2489; x_wconf 86' lang='lat' dir='ltr'><strong><em>cuiuscumque</em></strong></span> <span class='ocrx_word' id='word_1_219' title='bbox 568 2336 778 2468; x_wconf 69' lang='lat' dir='ltr'><strong><em>duiiutionie</em></strong></span> <span class='ocrx_word' id='word_1_220' title='bbox 802 2403 918 2465; x_wconf 86' lang='lat' dir='ltr'><strong><em>natura</em></strong></span> <span class='ocrx_word' id='word_1_221' title='bbox 942 2424 978 2466; x_wconf 90' lang='lat' dir='ltr'><strong><em>ac</em></strong></span> <span class='ocrx_word' id='word_1_222' title='bbox 1003 2399 1150 2464; x_wconf 88' lang='lat' dir='ltr'><strong><em>conditio</em></strong></span> 
     </span>
    </p>
   </div>
   <div class='ocr_carea' id='block_1_7' title="bbox 97 2483 1256 2634">
    <p class='ocr_par' dir='ltr' id='par_1_8' title="bbox 97 2483 1256 2634">
     <span class='ocr_line' id='line_1_25' title="bbox 97 2483 1256 2634; baseline -0.005 -81"><span class='ocrx_word' id='word_1_223' title='bbox 97 2483 300 2562; x_wconf 86' lang='lat' dir='ltr'><strong><em>communis,</em></strong></span> <span class='ocrx_word' id='word_1_224' title='bbox 320 2484 653 2634; x_wconf 58' lang='lat' dir='ltr'><strong><em>sipnificatquolcoud</em></strong></span> <span class='ocrx_word' id='word_1_225' title='bbox 667 2486 737 2551; x_wconf 87' lang='lat' dir='ltr'><strong><em>acio</em></strong></span> <span class='ocrx_word' id='word_1_226' title='bbox 752 2487 788 2551; x_wconf 89' lang='lat' dir='ltr'><strong><em>in</em></strong></span> <span class='ocrx_word' id='word_1_227' title='bbox 808 2485 871 2552; x_wconf 85' lang='lat' dir='ltr'><strong><em>hac</em></strong></span> <span class='ocrx_word' id='word_1_228' title='bbox 888 2487 1061 2574; x_wconf 88' lang='lat' dir='ltr'><strong><em>anticipata</em></strong></span> <span class='ocrx_word' id='word_1_229' title='bbox 1072 2507 1151 2549; x_wconf 83' lang='lat' dir='ltr'><strong><em>aen·</em></strong></span> <span class='ocrx_word' id='word_1_230' title='bbox 1236 2539 1237 2548; x_wconf 74' lang='grc'><strong>,</strong></span> <span class='ocrx_word' id='word_1_231' title='bbox 1255 2497 1256 2508; x_wconf 75' lang='grc'>’</span> 
     </span>
    </p>
   </div>
   <div class='ocr_carea' id='block_1_8' title="bbox 15 2569 1248 3514">
    <p class='ocr_par' dir='ltr' id='par_1_9' title="bbox 97 2569 1150 2658">
     <span class='ocr_line' id='line_1_26' title="bbox 97 2569 1150 2658; baseline -0.005 -19"><span class='ocrx_word' id='word_1_232' title='bbox 97 2571 225 2638; x_wconf 75' lang='lat' dir='ltr'><strong><em>tentiae</em></strong></span> <span class='ocrx_word' id='word_1_233' title='bbox 247 2592 317 2644; x_wconf 84' lang='lat' dir='ltr'><strong><em>non</em></strong></span> <span class='ocrx_word' id='word_1_234' title='bbox 362 2571 414 2637; x_wconf 93' lang='lat' dir='ltr'><strong><em>ico</em></strong></span> <span class='ocrx_word' id='word_1_235' title='bbox 431 2571 498 2638; x_wconf 84' lang='lat' dir='ltr'><strong><em>aive</em></strong></span> <span class='ocrx_word' id='word_1_236' title='bbox 513 2569 645 2638; x_wconf 85' lang='lat' dir='ltr'><strong><em>affirmo</em></strong></span> <span class='ocrx_word' id='word_1_237' title='bbox 694 2571 823 2653; x_wconf 87' lang='lat' dir='ltr'><strong><em>uidem,</em></strong></span> <span class='ocrx_word' id='word_1_238' title='bbox 851 2582 962 2638; x_wconf 87' lang='lat' dir='ltr'><strong><em>tamen</em></strong></span> <span class='ocrx_word' id='word_1_239' title='bbox 987 2573 1150 2658; x_wconf 82' lang='lat' dir='ltr'><strong><em>suspicor,</em></strong></span> 
     </span>
    </p>

    <p class='ocr_par' dir='ltr' id='par_1_10' title="bbox 15 2595 1248 3514">
     <span class='ocr_line' id='line_1_27' title="bbox 15 2595 1221 2747; baseline -0.002 -23"><span class='ocrx_word' id='word_1_240' title='bbox 15 2684 19 2697; x_wconf 75' lang='lat'><strong><em>¹</em></strong></span> <span class='ocrx_word' id='word_1_241' title='bbox 98 2675 224 2747; x_wconf 81' lang='lat' dir='ltr'><strong><em>spero,</em></strong></span> <span class='ocrx_word' id='word_1_242' title='bbox 245 2677 379 2723; x_wconf 78' lang='lat' dir='ltr'><strong><em>vereorr</em></strong></span> <span class='ocrx_word' id='word_1_243' title='bbox 405 2657 500 2724; x_wconf 81' lang='lat' dir='ltr'><strong><em>sicuti</em></strong></span> <span class='ocrx_word' id='word_1_244' title='bbox 516 2657 551 2722; x_wconf 91' lang='lat' dir='ltr'><strong><em>id</em></strong></span> <span class='ocrx_word' id='word_1_245' title='bbox 564 2657 631 2724; x_wconf 88' lang='lat' dir='ltr'><strong><em>fert</em></strong></span> <span class='ocrx_word' id='word_1_246' title='bbox 645 2595 692 2722; x_wconf 67' lang='lat' dir='ltr'><strong><em>ai</em></strong></span> <span class='ocrx_word' id='word_1_247' title='bbox 1216 2653 1221 2659; x_wconf 76' lang='grc'><em>’</em></span> 
     </span>
     <span class='ocr_line' id='line_1_28' title="bbox 98 2743 1152 2839; baseline -0.006 -29"><span class='ocrx_word' id='word_1_248' title='bbox 98 2745 206 2810; x_wconf 86' lang='lat' dir='ltr'><strong><em>ratio.</em></strong></span> <span class='ocrx_word' id='word_1_249' title='bbox 248 2743 435 2831; x_wconf 81' lang='lat' dir='ltr'><strong><em>Vtrumque</em></strong></span> <span class='ocrx_word' id='word_1_250' title='bbox 451 2765 650 2832; x_wconf 86' lang='lat' dir='ltr'><strong><em>veroquam</em></strong></span> <span class='ocrx_word' id='word_1_251' title='bbox 666 2765 735 2809; x_wconf 92' lang='lat' dir='ltr'><strong><em>uno</em></strong></span> <span class='ocrx_word' id='word_1_252' title='bbox 753 2744 855 2808; x_wconf 90' lang='lat' dir='ltr'><strong><em>modo</em></strong></span> <span class='ocrx_word' id='word_1_253' title='bbox 871 2743 1077 2830; x_wconf 77' lang='lat' dir='ltr'><strong><em>exprimatur</em></strong></span> <span class='ocrx_word' id='word_1_254' title='bbox 1090 2763 1152 2839; x_wconf 86' lang='lat' dir='ltr'><strong><em>per</em></strong></span> 
     </span>
     <span class='ocr_line' id='line_1_29' title="bbox 97 2827 1151 2916; baseline -0.004 -20"><span class='ocrx_word' id='word_1_255' title='bbox 97 2829 204 2896; x_wconf 84' lang='lat' dir='ltr'><strong><em>verba</em></strong></span> <span class='ocrx_word' id='word_1_256' title='bbox 220 2850 263 2892; x_wconf 82' lang='lat' dir='ltr'><strong><em>rra</em></strong></span> <span class='ocrx_word' id='word_1_257' title='bbox 276 2863 320 2876; x_wconf 94' lang='lat'>-</span> <span class='ocrx_word' id='word_1_258' title='bbox 336 2849 401 2908; x_wconf 82' lang='lat' dir='ltr'><strong><em>cn,</em></strong></span> <span class='ocrx_word' id='word_1_259' title='bbox 425 2827 475 2896; x_wconf 81' lang='lat' dir='ltr'><strong><em>vel</em></strong></span> <span class='ocrx_word' id='word_1_260' title='bbox 490 2849 552 2906; x_wconf 78' lang='lat' dir='ltr'><strong><em>ne,</em></strong></span> <span class='ocrx_word' id='word_1_261' title='bbox 577 2829 699 2894; x_wconf 83' lang='lat' dir='ltr'><strong><em>emissa</em></strong></span> <span class='ocrx_word' id='word_1_262' title='bbox 724 2829 824 2894; x_wconf 83' lang='lat' dir='ltr'><strong><em>altera</em></strong></span> <span class='ocrx_word' id='word_1_263' title='bbox 840 2839 935 2916; x_wconf 84' lang='lat' dir='ltr'><strong><em>parte</em></strong></span> <span class='ocrx_word' id='word_1_264' title='bbox 960 2837 1151 2909; x_wconf 79' lang='lat' dir='ltr'><strong><em>sententiae,</em></strong></span> 
     </span>
     <span class='ocr_line' id='line_1_30' title="bbox 97 2911 1152 3001; baseline -0.006 -19"><span class='ocrx_word' id='word_1_265' title='bbox 97 2917 229 2982; x_wconf 89' lang='lat' dir='ltr'><strong><em>mirum</em></strong></span> <span class='ocrx_word' id='word_1_266' title='bbox 244 2911 348 2977; x_wconf 87' lang='lat' dir='ltr'><strong><em>videri</em></strong></span> <span class='ocrx_word' id='word_1_267' title='bbox 365 2935 435 2977; x_wconf 90' lang='lat' dir='ltr'><strong><em>non</em></strong></span> <span class='ocrx_word' id='word_1_268' title='bbox 452 2921 582 3001; x_wconf 80' lang='lat' dir='ltr'><strong><em>pateat,</em></strong></span> <span class='ocrx_word' id='word_1_269' title='bbox 606 2914 699 2999; x_wconf 92' lang='lat' dir='ltr'><strong><em>quod</em></strong></span> <span class='ocrx_word' id='word_1_270' title='bbox 713 2913 756 2978; x_wconf 93' lang='lat' dir='ltr'><strong><em>ob</em></strong></span> <span class='ocrx_word' id='word_1_271' title='bbox 775 2914 881 3000; x_wconf 86' lang='lat' dir='ltr'><strong><em>ipsam</em></strong></span> <span class='ocrx_word' id='word_1_272' title='bbox 905 2924 1059 2980; x_wconf 89' lang='lat' dir='ltr'><strong><em>naturam</em></strong></span> <span class='ocrx_word' id='word_1_273' title='bbox 1078 2912 1152 2978; x_wconf 79' lang='lat' dir='ltr'><strong><em>&#39;ho-z</em></strong></span> 
     </span>
     <span class='ocr_line' id='line_1_31' title="bbox 96 2989 1240 3100; baseline -0.005 -33"><span class='ocrx_word' id='word_1_274' title='bbox 96 3024 180 3067; x_wconf 90' lang='lat' dir='ltr'><strong><em>rum</em></strong></span> <span class='ocrx_word' id='word_1_275' title='bbox 196 2998 372 3064; x_wconf 85' lang='lat' dir='ltr'><strong><em>verborum</em></strong></span> <span class='ocrx_word' id='word_1_276' title='bbox 381 2989 531 3100; x_wconf 53' lang='lat' dir='ltr'><strong><em>squibus</em></strong></span> <span class='ocrx_word' id='word_1_277' title='bbox 548 2999 714 3066; x_wconf 89' lang='lat' dir='ltr'><strong><em>inscitiam</em></strong></span> <span class='ocrx_word' id='word_1_278' title='bbox 735 3007 767 3064; x_wconf 91' lang='lat' dir='ltr'><strong><em>ct</em></strong></span> <span class='ocrx_word' id='word_1_279' title='bbox 788 3000 1028 3066; x_wconf 74' lang='lat' dir='ltr'><strong><em>dubitationem</em></strong></span> <span class='ocrx_word' id='word_1_280' title='bbox 1042 2997 1151 3088; x_wconf 85' lang='lat' dir='ltr'><strong><em>profi·</em></strong></span> <span class='ocrx_word' id='word_1_281' title='bbox 1235 3078 1240 3084; x_wconf 27' lang='grc'><strong><em>,</em></strong></span> 
     </span>
     <span class='ocr_line' id='line_1_32' title="bbox 98 3081 1151 3182; baseline -0.001 -30"><span class='ocrx_word' id='word_1_282' title='bbox 98 3097 232 3165; x_wconf 79' lang='lat' dir='ltr'><strong><em>lemur,</em></strong></span> <span class='ocrx_word' id='word_1_283' title='bbox 262 3105 336 3154; x_wconf 81' lang='lat' dir='ltr'><strong><em>rara</em></strong></span> <span class='ocrx_word' id='word_1_284' title='bbox 357 3081 435 3182; x_wconf 70' lang='lat' dir='ltr'><strong><em>spat</em></strong></span> <span class='ocrx_word' id='word_1_285' title='bbox 459 3084 608 3176; x_wconf 83' lang='lat' dir='ltr'><strong><em>exempla</em></strong></span> <span class='ocrx_word' id='word_1_286' title='bbox 632 3085 817 3174; x_wconf 87' lang='lat' dir='ltr'><strong><em>inscriptis</em></strong></span> <span class='ocrx_word' id='word_1_287' title='bbox 839 3085 943 3150; x_wconf 87' lang='lat' dir='ltr'><strong><em>libris.</em></strong></span> <span class='ocrx_word' id='word_1_288' title='bbox 986 3085 1066 3150; x_wconf 86' lang='lat' dir='ltr'><strong><em>Vive</em></strong></span> <span class='ocrx_word' id='word_1_289' title='bbox 1087 3104 1151 3151; x_wconf 76' lang='lat' dir='ltr'><strong><em>vox</em></strong></span> 
     </span>
     <span class='ocr_line' id='line_1_33' title="bbox 97 3167 1153 3260; baseline -0.005 -22"><span class='ocrx_word' id='word_1_290' title='bbox 97 3173 182 3238; x_wconf 87' lang='lat' dir='ltr'><strong><em>talia</em></strong></span> <span class='ocrx_word' id='word_1_291' title='bbox 195 3167 320 3234; x_wconf 86' lang='lat' dir='ltr'><strong><em>facilius</em></strong></span> <span class='ocrx_word' id='word_1_292' title='bbox 335 3169 537 3235; x_wconf 81' lang='lat' dir='ltr'><strong><em>moderatur.</em></strong></span> <span class='ocrx_word' id='word_1_293' title='bbox 575 3170 690 3260; x_wconf 88' lang='lat' dir='ltr'><strong><em>Neque</em></strong></span> <span class='ocrx_word' id='word_1_294' title='bbox 707 3170 834 3253; x_wconf 85' lang='lat' dir='ltr'><strong><em>veroid</em></strong></span> <span class='ocrx_word' id='word_1_295' title='bbox 851 3169 1047 3237; x_wconf 88' lang='lat' dir='ltr'><strong><em>Garnhardo</em></strong></span> <span class='ocrx_word' id='word_1_296' title='bbox 1067 3191 1153 3234; x_wconf 90' lang='lat' dir='ltr'><strong><em>ocn-</em></strong></span> 
     </span>
     <span class='ocr_line' id='line_1_34' title="bbox 99 3255 1248 3354; baseline -0.003 -30"><span class='ocrx_word' id='word_1_297' title='bbox 99 3259 174 3324; x_wconf 89' lang='lat' dir='ltr'><strong><em>cedi</em></strong></span> <span class='ocrx_word' id='word_1_298' title='bbox 207 3256 341 3354; x_wconf 79' lang='lat' dir='ltr'><strong><em>potest,</em></strong></span> <span class='ocrx_word' id='word_1_299' title='bbox 389 3255 424 3320; x_wconf 88' lang='lat' dir='ltr'><strong><em>in</em></strong></span> <span class='ocrx_word' id='word_1_300' title='bbox 460 3255 521 3322; x_wconf 88' lang='lat' dir='ltr'><strong><em>hac</em></strong></span> <span class='ocrx_word' id='word_1_301' title='bbox 561 3259 801 3344; x_wconf 75' lang='lat' dir='ltr'><strong><em>praeoccupata</em></strong></span> <span class='ocrx_word' id='word_1_302' title='bbox 831 3256 991 3324; x_wconf 90' lang='lat' dir='ltr'><strong><em>sententia</em></strong></span> <span class='ocrx_word' id='word_1_303' title='bbox 1020 3277 1153 3342; x_wconf 82' lang='lat' dir='ltr'><strong><em>semper</em></strong></span> <span class='ocrx_word' id='word_1_304' title='bbox 1244 3284 1248 3294; x_wconf 74' lang='lat'><em>,</em></span> 
     </span>
     <span class='ocr_line' id='line_1_35' title="bbox 100 3339 1228 3433; baseline -0.003 -24"><span class='ocrx_word' id='word_1_305' title='bbox 100 3344 216 3409; x_wconf 76' lang='lat' dir='ltr'><strong><em>omitti</em></strong></span> <span class='ocrx_word' id='word_1_306' title='bbox 233 3341 372 3405; x_wconf 83' lang='lat' dir='ltr'><strong><em>alterum</em></strong></span> <span class='ocrx_word' id='word_1_307' title='bbox 396 3339 606 3406; x_wconf 83' lang='lat' dir='ltr'><strong><em>membrum:</em></strong></span> <span class='ocrx_word' id='word_1_308' title='bbox 634 3342 725 3433; x_wconf 82' lang='lat' dir='ltr'><strong><em>quod</em></strong></span> <span class='ocrx_word' id='word_1_309' title='bbox 750 3362 854 3429; x_wconf 89' lang='lat' dir='ltr'><strong><em>quum</em></strong></span> <span class='ocrx_word' id='word_1_310' title='bbox 882 3344 1071 3419; x_wconf 78' lang='lat' dir='ltr'><strong><em>omittatur,</em></strong></span> <span class='ocrx_word' id='word_1_311' title='bbox 1099 3351 1153 3406; x_wconf 89' lang='lat' dir='ltr'><strong><em>ta·</em></strong></span> <span class='ocrx_word' id='word_1_312' title='bbox 1198 3366 1228 3422; x_wconf 51' lang='lat'>4</span> 
     </span>
     <span class='ocr_line' id='line_1_36' title="bbox 98 3428 582 3514; baseline -0.01 -17"><span class='ocrx_word' id='word_1_313' title='bbox 98 3451 184 3496; x_wconf 83' lang='lat' dir='ltr'><strong><em>men</em></strong></span> <span class='ocrx_word' id='word_1_314' title='bbox 201 3428 363 3514; x_wconf 84' lang='lat' dir='ltr'><strong><em>cogitetur</em></strong></span> <span class='ocrx_word' id='word_1_315' title='bbox 377 3449 507 3493; x_wconf 81' lang='lat' dir='ltr'><strong><em>necesse</em></strong></span> <span class='ocrx_word' id='word_1_316' title='bbox 524 3437 582 3494; x_wconf 87' lang='lat' dir='ltr'><strong><em>est.</em></strong></span> 
     </span>
    </p>
   </div>
   <div class='ocr_carea' id='block_1_9' title="bbox 105 3545 1244 4214">
    <p class='ocr_par' dir='ltr' id='par_1_11' title="bbox 172 3545 1239 3788">
     <span class='ocr_line' id='line_1_37' title="bbox 207 3545 1239 3620; baseline -0.003 -19"><span class='ocrx_word' id='word_1_317' title='bbox 207 3547 397 3601; x_wconf 78' lang='lat' dir='ltr'><strong><em>Affirmationie</em></strong></span> <span class='ocrx_word' id='word_1_318' title='bbox 414 3557 620 3620; x_wconf 83' lang='lat' dir='ltr'><strong><em>praeoccupatae</em></strong></span> <span class='ocrx_word' id='word_1_319' title='bbox 639 3547 784 3616; x_wconf 83' lang='lat' dir='ltr'><strong><em>exemplum</em></strong></span> <span class='ocrx_word' id='word_1_320' title='bbox 799 3546 851 3598; x_wconf 91' lang='lat' dir='ltr'><strong><em>hoc</em></strong></span> <span class='ocrx_word' id='word_1_321' title='bbox 867 3546 982 3602; x_wconf 83' lang='lat' dir='ltr'><strong><em>ertPlin.</em></strong></span> <span class='ocrx_word' id='word_1_322' title='bbox 999 3548 1095 3615; x_wconf 74' lang='lat' dir='ltr'><strong><em>Paneg.</em></strong></span> <span class='ocrx_word' id='word_1_323' title='bbox 1109 3545 1152 3600; x_wconf 88' lang='grc'><strong><em>64.</em></strong></span> <span class='ocrx_word' id='word_1_324' title='bbox 1234 3578 1239 3592; x_wconf 74' lang='grc'><strong>.</strong></span> 
     </span>
     <span class='ocr_line' id='line_1_38' title="bbox 172 3631 1167 3704; baseline -0.003 -15"><span class='ocrx_word' id='word_1_325' title='bbox 172 3634 219 3689; x_wconf 84' lang='lat' dir='ltr'><strong><em>ubi</em></strong></span> <span class='ocrx_word' id='word_1_326' title='bbox 236 3649 316 3704; x_wconf 87' lang='lat' dir='ltr'><strong><em>quum</em></strong></span> <span class='ocrx_word' id='word_1_327' title='bbox 332 3633 474 3688; x_wconf 78' lang='lat' dir='ltr'><strong><em>Traianum</em></strong></span> <span class='ocrx_word' id='word_1_328' title='bbox 490 3635 640 3696; x_wconf 82' lang='lat' dir='ltr'><strong><em>laudasset,</em></strong></span> <span class='ocrx_word' id='word_1_329' title='bbox 665 3633 736 3702; x_wconf 78' lang='lat' dir='ltr'><strong><em>quod</em></strong></span> <span class='ocrx_word' id='word_1_330' title='bbox 760 3641 902 3702; x_wconf 85' lang='lat' dir='ltr'><strong><em>praeeunte</em></strong></span> <span class='ocrx_word' id='word_1_331' title='bbox 924 3631 1030 3684; x_wconf 78' lang='lat' dir='ltr'><strong><em>consule</em></strong></span> <span class='ocrx_word' id='word_1_332' title='bbox 1047 3631 1167 3686; x_wconf 36' lang='lat' dir='ltr'><strong><em>iurare-v</em></strong></span> 
     </span>
     <span class='ocr_line' id='line_1_39' title="bbox 173 3715 1153 3788; baseline -0.002 -15"><span class='ocrx_word' id='word_1_333' title='bbox 173 3729 234 3782; x_wconf 81' lang='lat' dir='ltr'><strong><em>rat,</em></strong></span> <span class='ocrx_word' id='word_1_334' title='bbox 251 3718 387 3788; x_wconf 80' lang='lat' dir='ltr'><strong><em>praedicat</em></strong></span> <span class='ocrx_word' id='word_1_335' title='bbox 407 3719 486 3772; x_wconf 81' lang='lat' dir='ltr'><strong><em>etiem</em></strong></span> <span class='ocrx_word' id='word_1_336' title='bbox 503 3720 554 3772; x_wconf 89' lang='lat' dir='ltr'><strong><em>hoc</em></strong></span> <span class='ocrx_word' id='word_1_337' title='bbox 572 3721 671 3774; x_wconf 84' lang='lat' dir='ltr'><strong><em>fectum</em></strong></span> <span class='ocrx_word' id='word_1_338' title='bbox 687 3737 744 3771; x_wconf 76' lang='lat' dir='ltr'><strong><em>erac</em></strong></span> <span class='ocrx_word' id='word_1_339' title='bbox 761 3717 833 3769; x_wconf 88' lang='lat' dir='ltr'><strong><em>nullo</em></strong></span> <span class='ocrx_word' id='word_1_340' title='bbox 859 3716 911 3768; x_wconf 88' lang='lat' dir='ltr'><strong><em>alic</em></strong></span> <span class='ocrx_word' id='word_1_341' title='bbox 928 3715 1046 3785; x_wconf 87' lang='lat' dir='ltr'><strong><em>principe</em></strong></span> <span class='ocrx_word' id='word_1_342' title='bbox 1071 3736 1153 3788; x_wconf 85' lang='lat' dir='ltr'><strong><em>prae-</em></strong></span> 
     </span>
    </p>

    <p class='ocr_par' dir='ltr' id='par_1_12' title="bbox 105 3799 1244 4214">
     <span class='ocr_line' id='line_1_40' title="bbox 105 3799 1155 3872; baseline -0.004 -14"><span class='ocrx_word' id='word_1_343' title='bbox 105 3855 109 3858; x_wconf 90' lang='lat'>.</span> <span class='ocrx_word' id='word_1_344' title='bbox 174 3813 270 3869; x_wconf 85' lang='lat' dir='ltr'><strong><em>eunte,</em></strong></span> <span class='ocrx_word' id='word_1_345' title='bbox 305 3812 333 3856; x_wconf 86' lang='lat' dir='ltr'><strong><em>et</em></strong></span> <span class='ocrx_word' id='word_1_346' title='bbox 357 3804 446 3858; x_wconf 86' lang='lat' dir='ltr'><strong><em>addit:</em></strong></span> <span class='ocrx_word' id='word_1_347' title='bbox 472 3807 564 3858; x_wconf 81' lang='lat' dir='ltr'><strong><em>nescio</em></strong></span> <span class='ocrx_word' id='word_1_348' title='bbox 593 3806 667 3866; x_wconf 63' lang='lat' dir='ltr'><strong><em>iam}</em></strong></span> <span class='ocrx_word' id='word_1_349' title='bbox 689 3806 799 3864; x_wconf 84' lang='lat' dir='ltr'><strong><em>nescio,</em></strong></span> <span class='ocrx_word' id='word_1_350' title='bbox 819 3799 995 3872; x_wconf 79' lang='lat' dir='ltr'><strong><em>pulchriusae</em></strong></span> <span class='ocrx_word' id='word_1_351' title='bbox 1012 3799 1050 3854; x_wconf 85' lang='lat' dir='ltr'><strong><em>sit</em></strong></span> <span class='ocrx_word' id='word_1_352' title='bbox 1071 3801 1155 3868; x_wconf 82' lang='lat' dir='ltr'><strong><em>iliud,</em></strong></span> 
     </span>
     <span class='ocr_line' id='line_1_41' title="bbox 176 3885 1154 3963; baseline 0.002 -21"><span class='ocrx_word' id='word_1_353' title='bbox 176 3889 255 3963; x_wconf 81' lang='lat' dir='ltr'><strong><em>quod</em></strong></span> <span class='ocrx_word' id='word_1_354' title='bbox 268 3899 421 3958; x_wconf 79' lang='lat' dir='ltr'><strong><em>praeeunte</em></strong></span> <span class='ocrx_word' id='word_1_355' title='bbox 439 3887 528 3953; x_wconf 81' lang='lat' dir='ltr'><strong><em>nollo,</em></strong></span> <span class='ocrx_word' id='word_1_356' title='bbox 547 3907 584 3942; x_wconf 84' lang='lat' dir='ltr'><strong><em>an</em></strong></span> <span class='ocrx_word' id='word_1_357' title='bbox 610 3885 671 3952; x_wconf 81' lang='lat' dir='ltr'><strong><em>hoc,</em></strong></span> <span class='ocrx_word' id='word_1_358' title='bbox 699 3886 774 3959; x_wconf 82' lang='lat' dir='ltr'><strong><em>quod</em></strong></span> <span class='ocrx_word' id='word_1_359' title='bbox 791 3885 852 3942; x_wconf 84' lang='lat' dir='ltr'><strong><em>alio</em></strong></span> <span class='ocrx_word' id='word_1_360' title='bbox 869 3897 1019 3957; x_wconf 76' lang='lat' dir='ltr'><strong><em>praeeunte</em></strong></span> <span class='ocrx_word' id='word_1_361' title='bbox 1046 3889 1154 3944; x_wconf 82' lang='lat' dir='ltr'><strong><em>iurasti.</em></strong></span> 
     </span>
     <span class='ocr_line' id='line_1_42' title="bbox 176 3969 1156 4044; baseline -0.005 -17"><span class='ocrx_word' id='word_1_362' title='bbox 176 3974 248 4044; x_wconf 89' lang='lat' dir='ltr'><strong><em>quod</em></strong></span> <span class='ocrx_word' id='word_1_363' title='bbox 268 3973 297 4025; x_wconf 83' lang='lat' dir='ltr'><strong><em>ai·</em></strong></span> <span class='ocrx_word' id='word_1_364' title='bbox 307 3973 519 4041; x_wconf 83' lang='lat' dir='ltr'><strong><em>interrogatione</em></strong></span> <span class='ocrx_word' id='word_1_365' title='bbox 539 3972 685 4042; x_wconf 82' lang='lat' dir='ltr'><strong><em>exprimere</em></strong></span> <span class='ocrx_word' id='word_1_366' title='bbox 702 3971 788 4036; x_wconf 82' lang='lat' dir='ltr'><strong><em>velia,</em></strong></span> <span class='ocrx_word' id='word_1_367' title='bbox 805 3971 868 4024; x_wconf 86' lang='lat' dir='ltr'><strong><em>erit:</em></strong></span> <span class='ocrx_word' id='word_1_368' title='bbox 897 3987 987 4024; x_wconf 79' lang='lat' dir='ltr'><strong><em>nonne</em></strong></span> <span class='ocrx_word' id='word_1_369' title='bbox 1011 3969 1156 4041; x_wconf 76' lang='lat' dir='ltr'><strong><em>pulchrius</em></strong></span> 
     </span>
     <span class='ocr_line' id='line_1_43' title="bbox 177 4055 1155 4127; baseline -0.008 -14"><span class='ocrx_word' id='word_1_370' title='bbox 177 4058 272 4124; x_wconf 82' lang='lat' dir='ltr'><strong><em>istud,</em></strong></span> <span class='ocrx_word' id='word_1_371' title='bbox 291 4078 330 4113; x_wconf 81' lang='lat' dir='ltr'><strong><em>arr</em></strong></span> <span class='ocrx_word' id='word_1_372' title='bbox 348 4055 424 4112; x_wconf 71' lang='lat' dir='ltr'><strong><em>loc?</em></strong></span> <span class='ocrx_word' id='word_1_373' title='bbox 445 4059 503 4122; x_wconf 85' lang='lat' dir='ltr'><strong><em>Quo</em></strong></span> <span class='ocrx_word' id='word_1_374' title='bbox 522 4067 648 4127; x_wconf 82' lang='lat' dir='ltr'><strong><em>apparet,</em></strong></span> <span class='ocrx_word' id='word_1_375' title='bbox 675 4057 770 4108; x_wconf 81' lang='lat' dir='ltr'><strong><em>falsum</em></strong></span> <span class='ocrx_word' id='word_1_376' title='bbox 790 4074 847 4110; x_wconf 82' lang='lat' dir='ltr'><strong><em>erse</em></strong></span> <span class='ocrx_word' id='word_1_377' title='bbox 874 4066 1041 4125; x_wconf 84' lang='lat' dir='ltr'><strong><em>praeceptum</em></strong></span> <span class='ocrx_word' id='word_1_378' title='bbox 1066 4057 1155 4108; x_wconf 79' lang='lat' dir='ltr'><strong><em>Gera-</em></strong></span> 
     </span>
     <span class='ocr_line' id='line_1_44' title="bbox 175 4133 1244 4214; baseline -0.006 -17"><span class='ocrx_word' id='word_1_379' title='bbox 175 4145 274 4212; x_wconf 85' lang='lat' dir='ltr'><strong><em>hardi‚</em></strong></span> <span class='ocrx_word' id='word_1_380' title='bbox 300 4141 474 4206; x_wconf 76' lang='lat' dir='ltr'><strong><em>tentantium,</em></strong></span> <span class='ocrx_word' id='word_1_381' title='bbox 506 4142 548 4196; x_wconf 86' lang='lat' dir='ltr'><strong><em>cui</em></strong></span> <span class='ocrx_word' id='word_1_382' title='bbox 566 4161 600 4198; x_wconf 85' lang='lat' dir='ltr'><strong><em>rte</em></strong></span> <span class='ocrx_word' id='word_1_383' title='bbox 616 4141 760 4212; x_wconf 80' lang='lat' dir='ltr'><strong><em>praefixum</em></strong></span> <span class='ocrx_word' id='word_1_384' title='bbox 773 4133 843 4208; x_wconf 61' lang='lat' dir='ltr'><strong><em>eat,</em></strong></span> <span class='ocrx_word' id='word_1_385' title='bbox 864 4159 947 4212; x_wconf 84' lang='lat' dir='ltr'><strong><em>prope</em></strong></span> <span class='ocrx_word' id='word_1_386' title='bbox 966 4140 1112 4214; x_wconf 66' lang='lat' dir='ltr'><strong><em>neglectpm</em></strong></span> <span class='ocrx_word' id='word_1_387' title='bbox 1128 4149 1156 4192; x_wconf 88' lang='lat' dir='ltr'><strong><em>et</em></strong></span> <span class='ocrx_word' id='word_1_388' title='bbox 1191 4168 1196 4174; x_wconf 92' lang='lat'>·</span> <span class='ocrx_word' id='word_1_389' title='bbox 1237 4149 1244 4160; x_wconf 81' lang='grc'><strong>”</strong></span> 
     </span>
    </p>
   </div>
   <div class='ocr_carea' id='block_1_10' title="bbox 680 2656 1150 2744">
    <p class='ocr_par' dir='ltr' id='par_1_13' title="bbox 680 2656 1150 2744">
     <span class='ocr_line' id='line_1_45' title="bbox 680 2656 1150 2744; baseline -0.004 -22"><span class='ocrx_word' id='word_1_390' title='bbox 680 2657 876 2724; x_wconf 85' lang='lat' dir='ltr'><strong><em>firmationis</em></strong></span> <span class='ocrx_word' id='word_1_391' title='bbox 897 2667 952 2722; x_wconf 88' lang='lat' dir='ltr'><strong><em>aut</em></strong></span> <span class='ocrx_word' id='word_1_392' title='bbox 966 2656 1150 2744; x_wconf 80' lang='lat' dir='ltr'><strong><em>negationis</em></strong></span> 
     </span>
    </p>
   </div>
   <div class='ocr_carea' id='block_1_11' title="bbox 0 0 1393 4746">
    <p class='ocr_par' dir='ltr' id='par_1_14' title="bbox 0 0 1393 4746">
     <span class='ocr_line' id='line_1_46' title="bbox 0 0 1393 4746; baseline 0 0"><span class='ocrx_word' id='word_1_393' title='bbox 0 0 1393 4746; x_wconf 95' lang='lat' dir='ltr'><strong><em> </em></strong></span> 
     </span>
    </p>
   </div>
  </div>
 </body>
</html>
