2726 4746
227 194 242 234 1.

214 333 278 402 ns
465 316 469 328 “
630 331 726 400 ns'r.
770 333 903 434 ΛΤ.Ι

226 533 229 540 .
282 489 367 554 uotis,
382 497 413 541 ut
431 485 483 542 tibi
502 505 626 542 curarum
638 475 843 560 millia'qucnta
862 485 953 541 debite
968 487 1023 539 liv.
1034 485 1060 549 3,
1070 483 1112 550 17,
1120 485 1148 542 3.
1165 488 1193 540 si
1209 502 1265 538 ves

281 575 373 638 urbis,
398 573 538 650 Quirites,
549 573 587 624 ,si
602 575 688 628 vestri
701 571 781 633 nulla
796 591 860 630 cura
877 573 986 644 tangit,
1002 583 1034 626 at
1055 591 1106 625 vos
1124 574 1265 626 veremini

218 681 221 688 ’
281 661 348 736 deos
373 670 481 712 vestros
506 655 541 710 ab
563 655 689 712 hostibus
713 667 820 724 captos.
861 659 894 724 9,
917 659 951 723 8,
975 657 1000 713 9.
1024 658 1118 724 virgil.
1145 655 1215 709 Aeni
1234 657 1264 722 6,

279 742 341 797 406.
367 743 549 806 Vid.Qvons1.
584 741 638 793 cie.
661 742 779 794 inVerr.
805 738 840 807 3ζ
860 743 909 806 52,
934 743 992 800 188.
1017 745 1057 803 si,
1078 742 1263 811 quemadmo-

279 827 346 882 elum
364 831 433 886 socii
456 826 556 898 populi
572 831 680 884 romani
700 847 718 879 a
740 827 950 900 mugiltratibus
968 829 1071 881 nostris
1092 839 1263 892 tractentur,

228 958 232 972 .
272 933 336 968 mon
364 911 518 980 laboretis,
544 925 575 966 at
598 929 650 966 vos
670 931 839 966 communem
866 913 970 982 populi
994 918 1102 968 romani
1128 933 1262 968 caussam

216 1027 219 1034 Δ
277 1001 411 1070 suscipite
428 1009 511 1070 utque
528 993 681 1068 defendite.
716 999 770 1050 cie.
796 1017 837 1067 pr.
856 999 945 1061 Quint.
963 996 1014 1061 31,
1032 999 1074 1052 97.
1099 997 1262 1054 obsecravit

212 1141 214 1144 ,
275 1105 312 1129 υ*
329 1082 531 1156 utaliquando
558 1081 682 1153 aliquam
708 1086 735 1137 si
758 1101 813 1134 non
838 1085 1075 1154 propinquitatis,
1098 1097 1129 1143 at
1152 1089 1260 1140 aetatis

213 1183 216 1190 ⁴
278 1189 362 1232 suae,
391 1173 417 1223 si
440 1186 496 1220 non
516 1167 650 1229 bominis,
667 1177 698 1218 at
721 1167 1057 1242 humanitatis-rationem
1078 1168 1214 1225 haberet*
1230 1171 1259 1221 in

214 1317 217 1322 ¹
278 1261 356 1309 Verr.
373 1251 476 1319 s;85‚
495 1251 554 1306 195.
572 1271 612 1322 pr.
634 1253 690 1304 Mil.
706 1250 755 1318 34,
780 1252 823 1308 93.
847 1256 874 1311 si
897 1253 965 1310 mihi
988 1275 1017 1308 re
1040 1254 1156 1324 publica
1179 1255 1258 1310 bona

269 1337 339 1412 frui
354 1357 410 1391 non
426 1337 550 1402 licuerit,
577 1349 609 1392 at
632 1335 728 1390 carebo
751 1337 835 1390 mala.
870 1338 899 1392 in
916 1341 993 1390 Vei-r.
1012 1337 1046 1404 5,
1065 1340 1117 1404 27,
1135 1341 1179 1393 69.
1197 1361 1258 1394 ruu-

275 1430 368 1486 stime,
386 1425 411 1487 si
430 1428 519 1478 minus
532 1422 673 1494 supplicio
689 1418 794 1492 affici,
818 1431 850 1475 at
868 1423 1004 1478 custodiri
1028 1425 1188 1496 oportebat.
1215 1446 1256 1496 pr.

274 1515 361 1566 Domo
387 1507 437 1574 50,
464 1509 522 1564 129.
557 1511 631 1561 Caes.
650 1511 677 1560 Β.
703 1509 764 1577 gall.
788 1507 897 1575 6,·10,
914 1507 940 1560 2.
965 1519 994 1562 et
1017 1515 1042 1566 si
1063 1531 1130 1582 pars
1155 1511 1256 1583 aliq'ua

275 1603 460 1653 circumventa
483 1593 627 1658 ceciderit,
662 1604 693 1647 at
713 1592 835 1666 reliquos
863 1599 970 1664 seruari
988 1613 1073 1666 posse
1085 1596 1255 1667 confidunt.

210 1693 214 1702 '
273 1683 370 1736 Catull.
394 1680 445 1744 30,
470 1679 512 1732 11.
539 1683 608 1732 Bene
634 1679 749 1730 coniecit
767 1679 888 1732 Barthius
913 1681 941 1731 in
966 1683 1054 1732 Grotii
1072 1683 1171 1752 Cyneg.
1193 1682 1253 1734 177.

273 1767 438 1821 scribendum
453 1783 524 1817 esse:
544 1767 569 1818 si
582 1780 639 1816 non
653 1763 692 1815 ad
700 1767 819 1832 speciem
831 1746 1047 1836 inentiturosque
1063 1766 1176 1822 decores
1188 1785 1252 1835 pro·

271 1857 364 1916 tinus,
381 1880 416 1892 -
438 1861 470 1904 at
491 1867 622 1921 magnum
646 1867 728 1922 quum
747 1851 825 1904 venit
844 1867 926 1920 opusc
959 1853 1044 1904 Antea
1060 1853 1198 1921 legebatur
1214 1853 1253 1907 ael

271 1955 411 2012 mugilum.

318 2045 391 2096 Gurt.
406 2038 440 2104 3,
458 2035 491 2100 8,
510 2038 535 2092 2.
553 2041 578 2092 si
585 2038 616 2092 id
624 2037 771 2092 consilium
778 2037 931 2103 damnaret,
947 2054 978 2096 at
987 2041 1037 2098 ille
1044 2041 1185 2098 divideret
1196 2041 1249 2096 sal·

272 2140 329 2184 tem
336 2128 429 2197 copias
437 2121 657 2182 innumerabiles.
681 2119 740 2176 mvi
754 2123 788 2192 3,
803 2125 854 2192 31,
872 2117 898 2180 7.
917 2132 943 2182 si
957 2127 1085 2218 plebeias
1101 2127 1179 2200 leges
1196 2128 1249 2182 ‹lis-

207 2265 210 2273 ,
271 2213 423 2287 plicerent,
441 2223 472 2264 nt
486 2210 531 2266 illi
548 2212 728 2266 communiter
743 2210 835 2284 legum
849 2211 953 2268 latores
969 2227 997 2270 et
1013 2211 1142 2284 explebe
1156 2226 1185 2268 et
1200 2235 1248 2285 pa·
1358 2257 1359 2288 ,

268 2299 357 2356 tribus
376 2323 408 2340 -·
429 2300 550 2361 sinerent
575 2300 670 2352 creari·
704 2297 762 2350 Liv.
779 2299 811 2364 1,
828 2297 879 2366 41,
896 2297 922 2352 3.
936 2303 1022 2369 eitun
1039 2319 1068 2353 re
1081 2297 1177 2362 subita
1187 2319 1248 2354 con·

270 2385 337 2440 eilia
352 2395 474 2454 torpent,
489 2393 521 2437 ut
533 2372 564 2436 iu
579 2401 640 2437 mea
656 2374 778 2456 sequere·
814 2383 862 2447 10,
878 2383 928 2449 26,
947 2383 973 2443 8.
992 2387 1036 2438 sin
1051 2385 1166 2458 collega
1182 2385 1248 2456 quid

269 2469 351 2524 aliud
366 2466 464 2528 malit,
484 2478 517 2520 at
535 2467 634 2524 sibiL.
651 2469 832 2524 Volumnium
849 2470 949 2524 darent
969 2471 1140 2528 adiutorem.
1167 2473 1246 2524 Plsut.

268 2555 363 2609 Bacch.
382 2553 415 2616 2,
433 2549 466 2618 3,
487 2549 545 2612 131ι
566 2557 591 2606 si
610 2554 658 2608 illi
675 2565 738 2607 sunt
762 2556 859 2626 virgae
888 2558 962 2622 ruri,
991 2567 1022 2610 at
1049 2543 1119 2612 milri
1142 2569 1247 2630 tergum

254 2639 349 2694 'elomi
366 2647 417 2690 est.
452 2635 547 2705 virgil.
565 2645 632 2692 Aen.
651 2639 684 2703 1,
701 2635 761 2692 542.
780 2641 806 2695 si
823 2656 913 2710 genus
933 2637 1083 2695 humanum
1100 2653 1130 2696 et
1147 2651 1246 2696 morta·

270 2725 312 2781 lia
339 2723 463 2778 temnitis
490 2741 585 2788 urma,
611 2736 644 2777 at
666 2735 777 2796 sperate
802 2723 871 2780 deos
897 2744 1031 2781 memores
1058 2723 1147 2798 fandi
1165 2743 1247 2804 atque

267 2805 398 2882 nefandi·
434 2807 533 2877 Georg.
552 2805 586 2875 4,
605 2807 666 2864 239.
682 2811 724 2863 sin
747 2809 845 2866 duram
864 2824 987 2866 metuens
1003 2805 1120 2871 'hiemem
1139 2837 1248 2890 parces-

267 2917 320 2971 que
329 2891 452 2966 futuro,
476 2905 659 2968 contestorque
681 2899 791 2952 animos
813 2909 842 2951 et
863 2915 907 2951 res
931 2897 1094 2960 miserabere
1109 2897 1247 2972 fractas:
1355 2939 1356 2946 κ

194 2987 203 3023 -’
265 2992 299 3038 ut
325 2973 423 3054 suffire
451 2977 552 3051 thymo
574 2999 704 3052 cerasque
736 2981 856 3038 recidere
882 2985 990 3046 inanisr
1005 3045 1007 3052 s
1024 2989 1085 3061 quis
1112 2983 1246 3042 dubitet?

212 3120 217 3126 .
266 3069 342 3124 Conf.
361 3084 427 3138 quoe
446 3061 481 3118 de
497 3082 555 3118 voc.
575 3083 596 3118 ss
613 3065 736 3119 dicemus.
965 3067 967 3076 '

296 3191 355 3242 Huc
373 3188 452 3240 ctiam
469 3185 558 3238 sciero
572 3183 626 3236 eie.
644 3186 737 3238 Coton.
756 3185 789 3250 6,
810 3187 852 3242 18.
871 3191 926 3242 nisi
936 3183 1021 3258 forts
1037 3207 1089 3262 ego
1108 3190 1193 3248 vobis
1212 3221 1245 3235 -

263 3292 370 3331 cessure
386 3287 457 3322 nunc
473 3266 588 3331 uideor,
610 3287 693 3341 quum
710 3267 787 3324 bellu
804 3289 860 3325 non
876 3291 963 3344 gero,
982 3283 1014 3326 ut
1035 3279 1157 3340 senatui,
1176 3297 1244 3349 quae

263 3369 328 3414 sunt
350 3353 488 3429 gerenda,
517 3353 684 3425 pra'e'scrilro.
725 3357 760 3410 Et
783 3357 817 3409 de
843 3358 901 3410 Fin.
929 3354 962 3424 4,
988 3359 1022 3423 6,
1050 3359 1091 3414 13.
1116 3363 1245 3435 equidem

235 3469 238 3476 ·
263 3445 349 3502 etium
359 3441 513 3512 Epicurum
530 3442 559 3494 in
573 3437 700 3513 physicis
717 3441 828 3512 quidem
838 3443 1027 3498 Democritum
1044 3455 1134 3516 puto.-
1151 3466 1244 3517 pauca
1353 3479 1354 3497 n

195 3565 200 3570 ·
261 3541 362 3592 mutat,
380 3524 427 3580 vel
443 3522 527 3594 plura
543 3543 628 3578 sanct
646 3536 678 3578 at
696 3545 780 3598 quum
799 3547 813 3582 e
833 3527 964 3598 plurimis
978 3527 1075 3585 eudem
1084 3529 1161 3592 elicit.
1182 3541 1244 3586 tum
1352 3573 1353 3578 ,

257 3626 337 3671 certe
362 3612 396 3666 de
421 3611 561 3663 maximis.
587 3611 615 3660 in
639 3611 732 3678 quibus
759 3611 827 3663 nihil
850 3613 1001 3664 mutandum
1024 3626 1131 3684 praeter
1146 3634 1243 3670 nomen

264 3699 469 3754 democritum.
496 3711 556 3745 num
580 3712 646 3762 quse
671 3696 822 3749 concessiva
851 3698 936 3750 forma
959 3701 1131 3768 exprimenda
1156 3714 1241 3770 erent,

262 3787 372 3840 etiamsi
388 3772 489 3852 'pauca
512 3777 560 3834 vel
582 3778 667 3850 plura
686 3791 796 3850 mutat,
816 3783 993 3852 adiunguntur
1010 3788 1189 3856 superioribus
1211 3790 1241 3842 in

154 3915 155 3918 ,
193 3915 197 3923 ,
260 3870 365 3923 modum
378 3864 616 3936 comprobationis.
780 3874 782 3879 '

278 3993 328 4052 10.
352 3986 484 4049 Praeter
497 3983 590 4048 huno
604 4006 713 4068 usum,
738 3999 824 4052 certa
838 3988 966 4053 ratione
984 3989 1178 4071 coercitum,
1201 4003 1240 4055 ot

47 4065 51 4081 '
115 4132 118 4156 ,
191 4068 536 4164 ponil·urinopodosi
552 4093 599 4151 ea,
617 4093 700 4160 quae
715 4095 784 4137 non
800 4075 999 4138 contrariom
1015 4074 1150 4162 quidem
1165 4097 1238 4139 mm
1350 4081 1351 4134 ἲ

189 4171 337 4249 perstare
363 4155 517 4238 indicat,·
539 4156 600 4222 sed
620 4179 800 4252 personam
825 4159 860 4227 in
886 4181 921 4224 se
944 4157 1045 4234 habet
1068 4181 1111 4225 ex
1137 4159 1237 4228 altere
