2726 4746
523 267 528 279 ’
618 293 723 359 osu.
766 292 837 360 sn.

283 469 378 508 uerum
395 441 428 506 et'
440 454 469 506 in
489 453 577 517 siren,
597 449 644 504 ubi
667 471 703 491 -·
728 448 868 532 proelium
890 451 976 506 etiam
1003 451 1110 524 duplex
1137 468 1277 528 equestre
1356 493 1357 566 q

284 557 318 591 ao
342 536 470 608 pedestre
493 538 646 591 commisit.-
668 545 704 588 ,at
729 539 758 590 in
783 534 988 607 amphitheatro
1014 539 1118 592 navale
1145 559 1275 613 quoque.
1356 571 1357 614 q

282 623 318 677 Et
335 621 526 677 defendendum
551 621 579 672 in
596 625 661 690 Aug.
679 618 723 673 46.
740 641 774 674 ao
791 619 889 677 necubi
912 635 964 675 aut
987 621 1170 678 honestorum
1191 622 1275 695 ‹iffi-
1356 629 1357 654 l

283 719 355 763 aeret
374 709 456 779 copia
471 703 521 759 aut
534 703 721 760 multitudinis
740 703 868 768 soboles,
893 719 1045 780 equestrem
1066 709 1202 764 militiam
1221 731 1274 782 pe·
1356 695 1357 718 ¹

283 802 370 847 tentes
388 797 475 847 etiam
491 810 526 846 ex
544 789 783 846 commendatione
807 789 921 862 publica
945 796 1076 866 cuiusque
1099 795 1208 864 oppidi
1226 815 1274 849 or·
1356 725 1358 846 l

284 875 422 932 dinnbats
441 888 472 931 ot
490 879 542 942 iis,
560 879 610 948 qui
637 895 652 931 s
675 874 757 948 plebe
781 877 908 955 regiones
933 874 988 933 sibi
1017 881 1151 932 reuisenti
1175 876 1274 951 filios

213 949 217 958 ¹
248 1003 250 1006 s
278 957 404 1032 filiasve
420 960 620 1034 approbarent,
638 959 750 1032 singula
766 948 938 1014 nummorum
956 961 1051 1017 millia
1069 981 1123 1033 pro
1143 964 1273 1036 singulis

284 1045 438 1102 dividebat.
472 1049 521 1101 Inl.
539 1045 581 1100 58.
606 1049 635 1100 in
656 1045 792 1102 obeundis
809 1043 1035 1117 expeditionibus
1060 1033 1178 1102 dubium
1204 1071 1271 1103 oau-
1357 1033 1358 1110 i

283 1135 340 1187 tior
359 1153 396 1186 on
413 1119 567 1186 audentior.
585 1142 641 1185 tum
659 1143 721 1205 post
740 1131 857 1201 exempla
882 1131 952 1184 nenti
979 1131 1083 1183 consilii
1100 1135 1210 1201 pergit:
1238 1146 1272 1188 at
1356 1115 1358 1138 ς

282 1218 360 1274 idem
377 1217 536 1272 obsessione
552 1210 704 1272 castrorum
723 1219 751 1271 in
765 1215 849 1273 Germ
868 1217 1076 1281 nnionuntiata,
1093 1235 1146 1289 per
1162 1224 1270 1274 statio·

281 1321 331 1356 nes
348 1301 468 1357 bostium
485 1301 594 1375 gallico
612 1302 710 1358 babitu
725 1301 884 1373 penetravit
901 1300 940 1355 ad
957 1318 1032 1356 suos.

212 1481 214 1491 q
287 1409 329 1469 ¹6.
359 1405 398 1470 In
423 1403 596 1470 efferendis
628 1404 889 1492 colloquentium
922 1405 1200 1490 responsionibus
1227 1421 1271 1472 ot

137 1523 140 1536 ν
216 1499 326 1576 potest
340 1490 374 1554 in
389 1491 481 1580 ipsis,
502 1511 584 1580 quse
602 1500 831 1580 opponuntur,
846 1487 954 1554 verbis
971 1490 1083 1555 locum
1101 1492 1269 1576 obtinere,

16 1567 19 1578 ’
132 1585 138 1636 ἱ
214 1586 250 1639 ut
270 1576 382 1663 paullo
398 1588 477 1664 post
493 1576 701 1657 notabimus,
725 1575 781 1639 sed
799 1597 875 1641 eum
891 1577 1095 1664 pronomine
1109 1577 1270 1644 illecen-

211 1660 364 1728 iunctum
385 1659 566 1728 formulam
589 1659 689 1726 efficit
709 1662 828 1740 talem,
855 1670 892 1724 ut
906 1660 1005 1725 verbo
1021 1673 1060 1726 at
1076 1661 1135 1728 ille
1149 1664 1268 1752 inquit

212 1747 391 1834 significent
409 1761 529 1817 contra
552 1746 706 1835 loquutus
730 1759 779 1812 est
795 1745 864 1813 ille.
909 1747 1010 1827 Quod
1034 1747 1165 1812 criticos
1189 1772 1268 1814 non

212 1853 288 1898 roro
308 1832 438 1898 fefellit.
479 1832 565 1896 Nem
581 1853 654 1922 'non
673 1851 757 1918 opus
773 1843 821 1897 est
836 1833 1001 1898 contrarie
1016 1834 1188 1900 sententia.

57 1359 68 1392 1
128 1387 133 1391 .

314 1950 408 2004 citull.
435 1945 489 2018 «15ι
516 1949 557 2001 10.
585 1949 626 2004 At
653 1951 754 2018 Aonie,
773 1979 807 1994 -
829 1953 885 2015 sio,
912 1952 1017 2024 inquit,
1037 1969 1098 2005 mea
1112 1941 1191 2018 vita,
1210 1964 1266 2006 eto.
1360 1960 1361 1982 ¹

282 2027 360 2086 Curti
379 2032 413 2100 3,
438 2031 471 2096 2,
497 2031 538 2086 11.
562 2042 594 2085 at
619 2031 685 2096 ille.
712 2049 740 2089 et
764 2053 830 2091 suae
856 2039 941 2090 sortis
960 2047 989 2090 et
1004 2037 1098 2107 regiae
1113 2037 1267 2106 superbiae

278 2118 401 2184 oblitas,
419 2137 527 2184 verum,
555 2118 661 2186 inquit,
681 2129 709 2171 et
726 2129 755 2171 tu
773 2128 824 2170 etc.
860 2121 964 2172 cornel.
981 2121 1015 2172 N.
1034 2121 1112 2172 Attio.
1129 2119 1163 2182 8,
1183 2120 1210 2174 4.
1231 2135 1266 2176 at

277 2203 329 2260 ills
348 2231 380 2245 -
397 2204 552 2279 rqspondit.
589 2204 641 2255 Sed
661 2204 779 2274 Epamin.
796 2204 831 2267 5,
848 2202 874 2257 5.
898 2207 965 2258 mele
988 2205 1197 2274 interpnngitur:
1219 2219 1263 2269 ot,

261 2287 343 2361 lille,
365 2289 477 2353 desine,
508 2291 607 2375 inquit.
627 2299 654 2341 et
671 2290 796 2360 Iphioret.
814 2288 848 2352 8,
866 2287 892 2340 4.
913 2287 944 2342 id
963 2308 1044 2360 quum
1063 2289 1190 2344 omnibus
1208 2296 1264 2346 mi·

277 2393 338 2429 rum
359 2375 515 2436 uideretur,
536 2385 584 2437 at,
608 2373 678 2439 ille,
702 2378 817 2438 merito,
841 2377 947 2446 inquit,
959 2369 1054 2443 facio.
1074 2377 1135 2428 Non
1149 2387 1261 2444 poterut

277 2469 340 2512 ate
361 2459 517 2528 pronomine
535 2459 629 2522 evelli,
648 2460 717 2526 quod
735 2469 807 2510 recte
832 2458 870 2510 ite
899 2459 1065 2512 coniunctum
1092 2462 1201 2530 ponitur
1232 2466 1263 2514 in

277 2542 397 2612 epodosi.
414 2543 529 2594 Bremins
544 2544 611 2594 male
629 2543 832 2610 interpretatur:
850 2537 991 2610 profecto.
1026 2545 1081 2596 cie.
1099 2545 1132 2596 de
1148 2545 1210 2612 Leg.
1230 2545 1260 2610 2,

277 2627 327 2695 19,
345 2626 388 2682 47.
407 2628 435 2680 in
452 2627 527 2680 libiis
544 2628 655 2694 legitur:
677 2645 760 2697 quam
781 2643 914 2698 magnum
930 2627 1006 2682 illud
1028 2627 1182 2684 Scaevolae
1198 2626 1260 2699 fa-

259 2718 353 2781 siunt
368 2709 524 2786 pontifices
541 2711 624 2768 ambo
643 2723 671 2767 et
691 2713 775 2766 iidem
793 2712 859 2764 iuris
876 2715 1047 2782 peritissimi·
1071 2716 1145 2776 ’Λή
1169 2716 1262 2784 inquit

211 2822 215 2846 ι
279 2797 374 2852 Publii
383 2795 483 2868 filius,
496 2817 530 2853 ex
545 2810 627 2869 patre
643 2798 741 2854 audivi
756 2809 806 2850 eto.
821 2797 892 2868 qnod
910 2797 1167 2850 restituitMoserus:
1185 2801 1261 2852 Tur-

275 2883 357 2936 nebus
376 2884 486 2938 dederat
502 2903 595 2956 saepe·
630 2885 681 2936 Sed
699 2884 816 2954 ineptum
835 2893 875 2934 est
893 2883 959 2934 illud
976 2894 1022 2947 at,
1050 2870 1125 2954 quasi
1141 2885 1261 2938 obiicia-

273 2978 317 3018 tnr
336 2969 436 3038 aliquid
456 2971 552 3035 elicui,
580 2988 657 3040 quem
680 2987 757 3022 nemo
777 2969 852 3020 sciat.
887 2971 944 3020 Neo
964 2968 996 3020 do
1015 2986 1087 3020 mera
1104 2969 1263 3022 coniectura

274 3055 372 3107 foetum
389 3055 492 3108 videtur
511 3074 604 3125 saepe.
640 3057 727 3116 Quare
738 3054 1023 3123 suspicorciceronem
1041 3053 1194 3123 scripsisse.-
1214 3065 1260 3118 ut,

99 3167 103 3171 -
202 3148 206 3176 l
272 3127 370 3210 saepe.
389 3144 482 3212 inquit
502 3139 597 3196 Publii
609 3134 710 3210 silius.

271 3246 330 3304 ’7.
351 3243 438 3306 Haeo
460 3243 499 3304 de
514 3241 647 3306 diversis
659 3239 773 3304 nebus.
797 3241 940 3304 Gravior
959 3240 1087 3304 exsistit
1105 3241 1153 3304 vis
1171 3265 1258 3329 per-

199 3325 320 3411 tionlee
335 3326 475 3414 propriu
489 3326 524 3392 in
538 3327 627 3392 secto
644 3347 755 3391 rerum
772 3327 1012 3390 ooniroriorum
1026 3328 1261 3413 oppositione.

138 3463 143 3480 .
199 3412 323 3496 Atque,
349 3411 397 3475 uu'
419 3411 485 3474 iem
501 3416 600 3499 supr's
616 3413 741 3478 dietum
759 3423 828 3492 est,
850 3412 949 3478 verbo
971 3423 1148 3476 utcontra
1169 3412 1261 3478 hene

33 3535 35 3541 =
140 3549 143 3562 ,
199 3495 333 3584 plenem
368 3495 642 3583 significationem
675 3499 878 3584 exprimunt.
916 3497 1001 3561 *sed
1033 3519 1130 3584 saepe
1163 3498 1261 3563 idem

199 3582 357 3668 significet
376 3582 518 3668 simplex
537 3595 593 3662 ot,
616 3583 682 3646 sive
704 3584 739 3646 in
755 3582 955 3671 opponenda
969 3585 1161 3672 negatione,
1185 3584 1262 3650 sive

201 3666 237 3732 in
254 3669 323 3732 eliis
341 3669 514 3734 contrariis
531 3666 640 3732 rebus.

303 3789 357 3841 cic.
375 3790 473 3842 deDiv.
484 3789 511 3850 2,
530 3785 575 3852 25,
589 3783 632 3838 54.
651 3785 720 3858 quid
742 3798 838 3843 autem
852 3787 953 3843 volunt
972 3809 1005 3844 eu
1022 3788 1063 3842 dii
1080 3785 1261 3842 immortales

267 3877 386 3944 primum
403 3870 618 3946 significantes,
646 3893 716 3945 quae
733 3877 792 3930 sine
810 3873 1006 3946 interpretibus
1029 3893 1087 3928 non
1113 3878 1260 3944 possimus

264 3957 439 4031 intelligere.-
458 3958 558 4020 deinde
578 3979 628 4022 ea,
653 3979 839 4032 quassavere
868 3961 1058 4030 nequeamus?
1087 3957 1127 4012 At
1148 3956 1202 4010 boe
1221 3978 1260 4011 ne

263 4045 388 4100 bomines
405 4043 515 4116 quidem
533 4040 616 4115 probi
633 4039 766 4112 fatiunt,
794 4053 826 4096 nt
845 4048 942 4098 amieis
963 4025 1155 4114 impendentes
1176 4042 1257 4094 onln-

264 4135 376 4186 mitates
396 4127 572 4202 praedicant,
598 4147 670 4202 quos
694 4130 739 4186 illi
764 4128 887 4204 effugere
911 4127 992 4184 nullo
1020 4127 1106 4184 modo
1131 4131 1256 4199 possint.
