2726 4746
233 329 298 392 tao
605 321 777 406 trove.
823 323 915 430 no

236 513 239 520 ·
302 479 405 538 orealti
419 475 589 534 illuderent:
604 496 639 530 ac
657 488 750 532 tamen
771 479 854 535 initia
864 473 993 550 fastigii.
1007 479 1178 563 Caesaribnr
1197 497 1287 538 erant.

299 567 335 633 8,
361 565 404 620 73.
428 583 463 618 aa
483 569 576 616 tantari
597 581 641 618 res
666 563 764 618 Blaesi
789 564 891 635 dignae
918 565 1014 620 decore
1039 567 1095 641 tali
1114 565 1223 638 fuere.-
1242 573 1287 622 ubi

301 633 437 705 Ernestius
454 649 526 700 nulla
544 660 608 702 nota
625 651 728 704 adiecta
745 652 855 704 mutavit
868 661 901 706 at
920 663 1029 706 tamen:
1054 653 1132 704 Conf.
1152 657 1286 710 Goerenz.

301 737 337 788 ad
353 736 407 787 cic.
427 735 460 786 da
479 735 538 786 ata.
557 735 591 801 2,
605 735 658 801 27,
677 735 721 788 85.

144 911 146 918 ,
231 842 271 906 In
302 838 446 904 fonnula
477 859 523 901 ao
547 838 646 903 mitto
675 837 789 902 eadem
818 838 866 902 vis
897 837 998 912 inest,
1035 841 1182 924 quaein
1214 842 1287 905 aliis

231 939 293 1019 per
312 937 412 1012 atque
428 922 515 990 adeo
530 921 695 989 formatis.
733 922 832 988 Conf.
847 923 912 1000 Ill,
938 931 989 1000 11.

266 1055 269 1064 ‘
295 1035 299 1042 ¹
344 1027 452 1098 Terent.
474 1029 580 1098 Phormi
603 1043 637 1124 2,
658 1044 689 1107 1,
708 1043 734 1099 2.
755 1049 803 1098 tter
829 1063 919 1097 meum
944 1035 1111 1114 imperinm:
1134 1039 1170 1098 eia
1200 1050 1284 1100 mitto

300 1133 455 1204 imperinm.
482 1129 539 1203 dd.
568 1127 600 1195 4,
618 1131 652 1192 4,
675 1128 716 1182 18.
745 1149 778 1182 ac
807 1130 898 1181 mitto.
941 1127 973 1180 de
1003 1129 1096 1198 quibus
1123 1131 1194 1182 locis
1222 1133 1285 1183 vide
1342 1131 1343 1190 i

209 1205 211 1213 ⁴
234 1228 240 1245 κ
273 1290 275 1299 Δ
297 1237 325 1288 p.
342 1213 413 1298 eos.
427 1215 481 1268 cn.
499 1215 575 1268 catu.
595 1213 620 1280 1,
636 1215 663 1278 o,
681 1205 722 1265 15.
740 1235 775 1296 ⁰⁶,
792 1213 920 1299 transtra
936 1217 1045 1267 omaro.
1061 1216 1108 1268 sea
1117 1217 1178 1269 viae
1185 1237 1213 1288 p.
1221 1218 1284 1269 491.
1342 1205 1343 1214 ’

230 1321 304 1408 lpsa
334 1327 443 1385 autem
474 1316 671 1382 adversativa
700 1315 892 1404 significatio
918 1317 1081 1404 simplex,
1130 1341 1197 1405 qua
1220 1320 1283 1383 nli·
1342 1333 1343 1362 ³

169 1433 174 1446 ·
232 1403 313 1492 quid
338 1403 431 1468 alicui
459 1403 510 1467 rei
531 1414 740 1490 opponatur,
761 1413 793 1466 et
808 1425 863 1476 aa,
889 1423 970 1488 quae
989 1417 1082 1468 antea
1106 1403 1197 1470 dicta
1221 1416 1281 1484 est,

230 1489 391 1558 sententio
405 1489 596 1570 rsiioiatur,
607 1489 642 1554 in
658 1489 799 1576 antiquis
813 1487 1032 1576 scriptoribus
1048 1489 1142 1554 nullo
1159 1513 1280 1555 exem-

230 1577 290 1666 plo
306 1577 397 1653 bono
414 1597 487 1640 com
515 1574 670 1654 robatur,
691 1575 748 1638 sed
794 1596 853 1640 uae
876 1573 1074 1656 afferuntur,
1097 1573 1182 1640 falsa
1204 1600 1280 1664 spe-

231 1664 281 1728 cie
305 1661 435 1728 fallunt.
487 1598 696 1746 iluam'quam
714 1597 808 1724 facile
827 1660 1055 1740 concedimus,
1079 1661 1215 1725 Latinos
1232 1663 1278 1726 ibi

231 1751 331 1816 etiam
346 1760 661 1834 atque-usurpasse,
687 1745 743 1808 ubi
768 1745 886 1810 Graeci
908 1746 940 1809 ii
963 1769 1091 1833 ponere
1112 1747 1276 1820 solebant.

195 1873 198 1879 ·
228 1835 315 1907 Nam
332 1854 415 1918 quae
432 1831 548 1896 Graeci
563 1853 605 1894 ex
620 1831 756 1895 adverso
778 1842 972 1918 opponunt,
994 1831 1102 1898 Latini
1116 1833 1152 1899 in
1166 1834 1220 1901 bis
1237 1857 1277 1898 ex

230 1940 335 2011 aequo
365 1927 583 2004 componunt.
634 1917 702 1982 Cic.
732 1939 767 2003 p.
801 1918 928 1982 Cluant.
961 1920 1025 1998 28,
1054 1920 1107 1986 75.
1141 1942 1277 1985 surnmo
1342 1927 1343 1972 ἶ

229 2005 381 2069 omnium
401 2004 627 2088 exspectatio,
648 2001 813 2089 quidnam
835 2003 1024 2066 sententiae
1035 2001 1176 2091 ferrent
1192 2005 1275 2069 leves
1342 2061 1343 2070 ,

203 2091 273 2164 'oo
293 2089 446 2156 arimarii
459 2086 601 2152 indices.
642 2091 752 2174 Atque
770 2088 824 2153 illi
844 2109 959 2153 omnes
980 2088 1054 2153 sine
1075 2087 1151 2154 ulla
1178 2089 1275 2156 dalri-

227 2177 360 2250 tatione
377 2173 616 2238 condemnant.
662 2173 763 2252 Quod
777 2194 911 2260 graecus
933 2174 1078 2258 scriptor
1093 2173 1231 2244 dixisset
1249 2179 1276 2238 ai

132 2281 134 2288 ’
226 2263 262 2326 δὲ
282 2259 407 2335 πάντες,
435 2259 554 2323 latinus
572 2259 638 2322 hoo
664 2259 767 2322 modo
788 2258 954 2343 concepit:
980 2260 1028 2322 uti
1050 2281 1168 2324 omnes
1189 2259 1274 2325 iudi-

226 2348 319 2411 cium
340 2344 588 2432 exspectabant,
616 2344 662 2408 ita
683 2343 807 2410 iudices
839 2343 938 2408 altera
962 2364 1004 2406 ex
1031 2355 1126 2432 parte
1160 2368 1273 2410 omnes

228 2431 505 2500 condemnabant.

226 2575 230 2584 ¹
329 2551 502 2604 Tasitvttna.
520 2547 570 2612 15,
587 2548 611 2600 1.
633 2543 738 2601 interea
752 2565 802 2600 rex
819 2544 986 2623 Parthorum
1009 2547 1166 2622 Vologeses
1182 2577 1219 2592 -
1236 2551 1274 2604 ti-

150 2657 158 2684 ·-
201 2679 204 2684 -
293 2633 446 2694 versarat
463 2651 540 2688 ouras
558 2629 737 2685 trahebatnre
761 2643 905 2686 cunctator
923 2637 1036 2706 ingenio
1062 2647 1090 2690 et
1114 2633 1274 2706 defectione

298 2723 511 2796 Hyrcanorum,
526 2721 618 2798 gentis
635 2717 765 2780 validae,
784 2717 935 2789 multisque
958 2737 994 2772 ex
1020 2737 1052 2774 eo
1077 2716 1166 2774 bellis¹
1180 2721 1273 2792 illiga·

104 2789 121 2810 ,¹
222 2875 225 2880 Ι
295 2821 349 2862 tus·
384 2808 477 2879 Atque
494 2801 576 2860 illam
600 2801 761 2873 anrbigt'rnrn
786 2822 874 2858 novas
899 2807 1014 2877 insuper
1038 2809 1154 2859 nuntius
1178 2821 1273 2860 contu·

293 2892 395 2948 melias
412 2889 583 2946 exstimulat.
618 2892 649 2949 In
672 2889 714 2940 his
739 2890 827 2957 pergit
853 2890 939 2942 oratio
966 2889 999 2941 ad
1024 2891 1135 2944 similem
1157 2910 1274 2944 caussam
1341 2927 1342 2932 ,

225 3041 227 3048 y
294 2996 376 3048 aeque
403 2961 632 3030 considerandam:
656 2985 685 3032 et
708 2960 843 3029 ita'illum
875 2993 956 3028 novus
980 2977 1087 3028 nautius
1114 2979 1273 3028 exstimulat.
1341 2961 1342 3008 l

260 3098 262 3102 >
294 3063 349 3118 cte.
368 3064 481 3134 p.,Mar.
498 3059 548 3130 84,
568 3060 611 3114 72.
624 3063 685 3132 ‘ipsi
704 3059 822 3132 denique
837 3078 894 3114 non
913 3059 1002 3115 dicere
1018 3080 1070 3132 pro
1089 3061 1185 3127 nobis,
1217 3082 1273 3116 non

246 3163 248 3167 ’
295 3135 448 3226 spondere,
476 3160 532 3201 non
550 3164 650 3198 vocare
669 3145 783 3198 donarem
802 3164 880 3199 snam
897 3143 1034 3218 possunt,
1059 3157 1144 3218 atque
1169 3137 1238 3201 baec
1255 3169 1272 3200 a
1341 3209 1342 3214 η

216 3243 219 3248 ’
293 3233 375 3288 nobis
392 3243 493 3302 petunt
509 3234 612 3284 omnia.
646 3231 773 3283 Matthiae
788 3233 902 3302 explicat
919 3233 985 3288 secl:
1002 3227 1036 3286 at¹
1049 3244 1090 3284 est
1109 3234 1184 3292 illud,
1201 3236 1273 3302 qnod

292 3307 371 3372 antea
387 3314 581 3378 illustravimus,
600 3325 684 3388 atque
703 3326 804 3370 tamen.
839 3317 872 3368 de
894 3322 966 3370 Orat.
982 3317 1016 3384 3,
1034 3317 1077 3382 33,
1097 3316 1157 3372 132.
1176 3331 1207 3372 ut
1226 3341 1271 3373 ne·

292 3422 338 3459 uro
364 3421 453 3476 genus
473 3404 628 3456 universum
654 3401 895 3473 eonvpleoteretar,
925 3414 1008 3476 atque
1029 3415 1060 3456 at
1085 3403 1160 3458 alias
1184 3403 1274 3458 aliam

260 3494 262 3503 ’
287 3479 348 3546 'sibi
367 3497 490 3560 partem,
515 3487 545 3540 in
569 3505 623 3558 qua
646 3485 819 3551 elaboraret,
844 3501 998 3560 reponeret.
1025 3508 1058 3541 ne
1080 3491 1193 3558 accipias
1213 3509 1274 3543 cum

256 3627 258 3634 ,
292 3574 489 3642 Matthiae'pro
507 3569 578 3624 sed-⁸
599 3573 646 3622 Est
662 3572 731 3622 enim
752 3583 779 3626 et
804 3574 861 3636 ita,
886 3585 914 3626 et
929 3572 1018 3642 ¹irino,
1046 3575 1105 3628 and
1128 3593 1179 3636 sor
1198 3580 1273 3644 quod

292 3663 378 3730 ipsum
396 3658 505 3727 reliquis
522 3655 608 3708 verbis
635 3673 792 3724 expressum.
827 3661 901 3712 Orat.
918 3657 970 3721 31,
989 3657 1048 3712 112.
1083 3664 1175 3730 Neque
1194 3663 1274 3714 aliter
1340 3713 1341 3740 ,

292 3745 322 3795 ia
344 3745 410 3796 loeis
436 3761 452 3794 a
479 3742 606 3793 Matthiae
631 3741 726 3791 allatis.
769 3742 807 3794 de.
827 3745 900 3794 Orat.
926 3743 958 3809 3,
982 3743 1035 3812 36,
1061 3745 1121 3798 145.
1145 3747 1271 3809 abisei,

292 3827 364 3900 quod
391 3829 418 3880 in
443 3841 527 3900 atque
549 3829 649 3896 frustra
675 3827 826 3895 quaeritur,
856 3828 940 3897 ipsum
965 3832 1054 3898 paullo
1078 3842 1139 3900 post
1155 3831 1273 3884 additur.

293 3915 396 3966 Caesar.
417 3915 446 3964 B.
465 3915 533 4000 Gpll.
550 3911 576 3977 5,
594 3911 636 3963 56.
654 3915 683 3979 in
700 3911 816 3966 consilio
840 3917 1014 3982 pronuntiat,
1031 3944 1066 3958 -··
1083 3914 1137 3968 lruo
1153 3920 1205 3970 iter
1218 3914 1273 3986 fa·

293 4010 399 4052 staram
410 4017 480 4068 ,pers
488 3998 565 4067 fines
595 3996 763 4060 Remorum,
790 4015 935 4070 eorumque
953 4010 1038 4071 agros
1054 4001 1271 4071 populaturum,

257 4138 260 4146 ,
291 4105 325 4140 ac
348 4085 441 4158 prior,
466 4101 549 4156 qaam
575 4081 605 4136 id
624 4078 739 4154 fatiat,
765 4081 887 4138 Labieni
912 4094 1003 4138 castra
1024 4071 1271 4156 oppugnaturum.

189 4191 200 4203 ·
235 4235 237 4240 ι
264 4157 421 4248 ’,Νομμά
440 4171 518 4242 prius
536 4169 709 4237 intelligitur,
728 4179 757 4220 ut
774 4167 886 4244 volunt,
905 4170 952 4222 sed
970 4181 998 4224 et
1016 4173 1083 4224 item
1096 4175 1188 4252 prius.
1213 4174 1269 4224 Cio.
1339 4181 1340 4196 ³
