2760 4748
139 347 143 360 ,
253 323 317 388 seo
511 395 514 400 ,
684 269 838 384 ¹turns.
959 338 961 346 ·

255 479 377 536 conatu
393 468 455 534 viri
470 469 653 536 doctissimi
665 491 738 538 rein
752 471 788 537 in
804 469 889 534 vitae
903 467 1107 535 commercio
1124 478 1251 534 notam
1267 470 1306 534 ad

254 555 458 620 subtiliorem
475 555 661 620 doctrinam
677 556 868 634 retulerint,
885 565 1054 642 appareat.
1076 554 1164 619 Nam
1182 577 1305 641 quam·
1354 571 1355 624 1

253 641 352 707 visin
369 640 435 706 eius
450 641 577 727 generis
592 641 754 708 formulis·
767 665 830 729 per
846 640 1035 706 communis
1050 641 1303 706 consuetudinis
1354 633 1355 720 l

253 748 350 792 usum
365 725 471 790 multa
493 749 588 816 saepe
610 725 846 802 adsciscantur,
878 747 963 815 quae
984 725 1025 788 ab
1050 726 1147 794 omni
1172 728 1304 790 ratione
1354 729 1355 806 1

253 811 432 876 abhorrere
446 811 632 887 videantur,
654 811 738 876 nihil
760 823 870 880 tamen
897 810 1068 876 absurdius
1092 833 1162 874 esse
1188 822 1315 900 potest
1354 811 1355 832 ¹

251 897 314 962 ista
328 897 487 962 sententia
513 898 553 962 de
576 897 830 987 praepositionis
854 891 1056 983 anasuophe
1077 907 1110 959 et
1134 896 1177 960 de
1204 921 1303 961 com·
1354 937 1355 946 .

251 981 366 1046 mixtis
390 983 709 1062 constructionibus,
738 1003 849 1069 ¹neque
873 992 982 1048 exstat
1003 983 1039 1046 in
1062 981 1132 1046 ullo
1161 983 1301 1070 antiquo
1354 981 1355 1018 l

196 1081 201 1090 “
250 1063 350 1144 libro,
367 1067 475 1154 'neque
490 1068 577 1156 apud
594 1068 1220 1156 grammaticosvetsresdocumentum,
1234 1091 1299 1154 quo

253 1153 514 1242 comprobemus
537 1153 597 1218 illo
620 1155 819 1240 compendio
841 1153 1024 1234 litterarum
1040 1171 1065 1218 A
1078 1172 1102 1216 1)
1118 1152 1301 1239 significari

139 1262 142 1280 ¹
251 1239 350 1302 aute'
376 1237 485 1322 diem,
535 1239 816 1329 praepositionem
850 1247 928 1306 cum
969 1237 1175 1304 substantivo
1216 1262 1299 1304 con-

247 1323 406 1388 iunctam.
436 1376 442 1392 ,
856 1341 859 1349 “
996 1390 999 1398 .

333 1407 441 1474 Latini
453 1409 491 1476 in
506 1407 713 1496 designandis
730 1406 844 1472 diebus
860 1407 1126 1482 nominationem
1146 1400 1299 1474 feserunt

249 1493 446 1574 adistanfia.
490 1491 707 1576 Hincetiam,
733 1493 792 1558 ubi
815 1493 924 1560 nullus
950 1493 1163 1558 adiiciebatnr
1178 1516 1296 1558 nume·
1354 1513 1355 1566 3

249 1601 324 1655 rus,
345 1579 390 1644 ita
409 1579 539 1668 loquuti
562 1591 649 1646 sunt.
692 1579 1296 1665 01811Αιι.6,2.ι·ιαῳιεπαιι·ηι
1354 1611 1355 1668 p

250 1663 333 1739 dedi
355 1665 507 1743 litteras,
527 1662 574 1733 ut
598 1690 638 1732 ex
662 1663 774 1752 Cypro
798 1666 923 1752 equites
946 1675 1026 1730 oute
1048 1676 1180 1728 certam
1206 1665 1296 1730 diem
1354 1693 1355 1750 p

231 1749 464 1816 decederent.
499 1751 608 1838 quod,
634 1752 747 1830 sirem
763 1761 907 1838 spectas,
928 1750 1017 1814 idem
1034 1749 1190 1837 estquod
1206 1763 1294 1815 certo

249 1834 327 1914 die,
351 1836 380 1898 si
401 1836 500 1900 verba
522 1839 593 1924 ipsa
615 1837 776 1922 explicas,
806 1860 848 1902 ne
871 1836 1007 1925 lougius
1022 1833 1079 1914 ,iti
1100 1859 1293 1900 commoro-
1354 1869 1355 1948 p

248 1931 376 1984 rentur.
421 1920 540 1986 Caesar
554 1921 679 1988 univ.
700 1927 737 2001 1.,
761 1928 811 1986 11.
831 1922 1007 2007 polliceri,
1034 1944 1069 1986 se
1089 1921 1129 1986 s'u
1149 1922 1293 2006 proeiu-
1354 1951 1355 2006 3

248 2005 502 2088 cimiterium,
523 2018 724 2094 nequeunte
742 2029 839 2094 quem
858 2007 950 2070 diem
974 2007 1084 2078 iturus
1105 2006 1175 2086 sit,
1208 2003 1292 2093 defl—
1354 2009 1355 2058 l

183 2125 187 2134 ·
247 2090 334 2154 nire.
377 2089 486 2157 Etiam
501 2093 536 2155 in
552 2093 695 2162 Sallustii
712 2093 782 2158 Cat.
800 2098 854 2166 36,
877 2099 908 2156 2.
932 2103 1066 2161 ceterae
1079 2091 1293 2156 multitudini

236 2174 306 2264 ‘die
319 2201 340 2237 u
363 2179 507 2252 statuit,
528 2190 609 2242 aute
622 2201 726 2266 qrram
750 2179 825 2244 siue
843 2175 972 2265 fraude
990 2178 1111 2242 'liceret
1126 2175 1172 2240 ab
1188 2179 1291 2242 ermis
1354 2173 1355 2206 l

247 2261 431 2328 discedere.
451 2263 637 2350 intelligunt
656 2287 723 2351 quo
738 2263 806 2330 dte.
849 2266 891 2328 At
905 2264 1072 2328 decretum
1087 2273 1168 2337 erat,
1191 2285 1291 2350 usque
1354 2267 1355 2350 l

169 2425 174 2434 ,
246 2347 848 2432 ad‘oertanrdiemliceiediscessum.
891 2348 929 2414 In
953 2349 1020 2412 Cic.
1046 2348 1086 2412 ad
1110 2345 1241 2428 Atto,
1264 2355 1288 2412 1.
1354 2377 1355 2382 ¹

246 2431 339 2497 diem
352 2445 467 2498 statuo
486 2436 573 2499 sutis
589 2435 727 2498 laxem:
747 2457 851 2522 queam
867 2446 948 2500 ante
962 2435 995 2500 si
1008 2433 1182 2516 solverint,
1207 2435 1289 2515 dico,
1354 2437 1355 2442 ’

245 2539 299 2581 me
312 2519 519 2596 centesimus
535 2517 726 2584 ducturum.
754 2542 826 2584 non
842 2519 980 2607 intelligi
999 2529 1110 2606 potest
1125 2520 1200 2608 ipsa
1217 2521 1289 2598 dies,

224 2623 311 2690 ‘qua
339 2601 480 2668 soluturi
512 2599 655 2685 fuerint,
690 2604 745 2668 sed
781 2605 943 2668 terminus
975 2603 1155 2692 temporis,
1197 2628 1289 2692 quem

136 2711 137 2715 ¹
246 2699 322 2753 ants
339 2688 534 2755 solvendum
549 2699 648 2782 psset.
692 2691 763 2756 Liv.
788 2690 849 2768 41,
875 2695 933 2764 16,
959 2689 1039 2776 (20.)
1062 2693 1094 2756 8.
1120 2702 1205 2756 ante
1227 2691 1288 2755 tri·

244 2773 348 2838 dnum
362 2797 465 2862 quem
481 2783 684 2865 oppugnare
698 2786 857 2862 coeperat
880 2787 1055 2860 receptam
1077 2799 1119 2839 ec
1141 2775 1288 2840 hostibus

243 2859 371 2924 colonis
394 2861 556 2926 restituit.
607 2863 771 2928 Gesnerus
793 2883 870 2930 cum
892 2861 1026 2926 Norisio
1050 2881 1122 2924 non
1143 2884 1288 2928 neeessa—
1354 2863 1355 2872 ’

241 2945 328 3010 riam
352 2957 463 3010 censet
486 2948 729 3012 correctionem
756 2949 868 3026 intra,
896 2945 955 3012 sed
975 2946 1104 3011 dictum
1133 2969 1206 3014 csse
1228 2970 1287 3036 pro

84 3043 91 3058 '
201 3021 378 3096 triduo:
400 3031 588 3118 quodcum
611 3033 746 3119 reliquis
773 3032 880 3096 verbis
906 3033 1047 3096 omnino
1070 3053 1141 3098 nou
1167 3055 1286 3098 conve·
1354 3033 1355 3054 ³

242 3117 310 3182 nit:
334 3117 374 3182 de
388 3140 451 3204 quc
468 3141 505 3182 re
523 3127 641 3204 postea
655 3119 772 3182 dicam.
815 3116 1014 3182 Innumeris
1033 3117 1193 3182 addendis
1211 3119 1286 3182 duae

243 3213 337 3267 erant
346 3199 475 3266 Latinis
488 3201 619 3266 formae
636 3224 713 3267 cum
726 3203 857 3268 Graecis
875 3224 1088 3290 communes:
1103 3221 1191 3266 'nam
1205 3214 1285 3270 tem·

146 3365 148 3372 y
242 3307 325 3374 pus,
349 3287 415 3372 quo
432 3287 554 3373 aliquid
573 3285 719 3362 factum,
754 3299 787 3367 et
800 3287 943 3354 ablativo
940 3289 993 3366 ss
1012 3288 1198 3356 accusativo
1224 3312 1285 3354 no·

242 3381 342 3436 tatur.
381 3371 467 3436 Illud
483 3381 626 3440 uastum
642 3374 822 3461 temporis,
842 3373 909 3438 hoc
926 3385 1048 3440 statum
1068 3375 1208 3461 proprie
1223 3398 1299 3438 no·-

241 3467 307 3520 tatt
334 3458 392 3522 sed
407 3477 485 3522 usus
503 3469 682 3546 utrumque
699 3458 891 3540 confundit,
923 3459 1210 3546 quemadmodum
1229 3483 1285 3524 nos

242 3543 399 3610 Germani
419 3543 542 3630 vulgari
557 3567 711 3610 sermone
733 3547 978 3628 consuevimus.
1021 3543 1119 3610 Conf.
1139 3553 1224 3630 quac
1238 3545 1285 3608 di-

241 3629 351 3694 ximus
369 3654 404 3718 p.
421 3634 495 3694 872.
541 3629 584 3714 Et
599 3651 682 3716 quae
697 3629 796 3694 tertio
814 3628 969 3696 disfacta
985 3641 1081 3707 sunt,
1098 3631 1200 3698 etiam
1224 3631 1285 3696 dici

238 3727 383 3801 possunt
412 3717 472 3802 per
501 3716 636 3786 tertium
668 3714 755 3794 diem
778 3713 864 3778 facta
886 3739 967 3784 esse.
1019 3717 1204 3782 Priscianus
1231 3721 1283 3796 18.

238 3823 273 3949 p.
291 3803 385 3864 1210.
406 3803 477 3888 ,(30,
496 3801 584 3884 298.)
628 3799 689 3866 Illi
699 3803 804 3882 1τρίτην
819 3798 932 3883 ἡμέραν
946 3802 996 3866 καὶ
1014 3805 1097 3888 τρίτῃ
1111 3799 1210 3887 ἡμέρᾳ
1222 3800 1286 3868 eo'ds

233 3889 235 3895 ’
255 3910 403 3968 spurcos,
421 3909 489 3974 pro
505 3885 630 3950 nudius
654 3887 787 3950 tertius.
828 3885 920 3952 Hirro
934 3885 1084 3952 Romani
1098 3889 1240 3952 tertium
1255 3899 1284 3951 et

240 3973 342 4036 tertio
357 3968 540 4053 colendas,
566 3971 617 4036 ecl
630 3995 759 4052 iconas,
784 3971 836 4038 vel
850 3971 928 4035 idus
937 4020 947 4049 ,
976 3973 1033 4036 vel
1048 3973 1282 4046 calendarum,

239 4079 425 4134 noueram,
447 4057 596 4144 licinum,
628 4079 696 4144 pro
721 4059 767 4124 iux
780 4057 882 4122 tertio
909 4070 990 4123 astte
1012 4057 1209 4141 canuam,
1237 4057 1286 4122 sel

239 4167 367 4231 nouos,
411 4143 463 4232 vel
488 4141 576 4234 idus.
637 4142 754 4210 Cicero
777 4141 1026 4218 Iuaectiserum
1044 4143 1070 4208 Ι
1086 4144 1283 4210 Memini-
