2726 4746
201 303 264 370 ssa
583 300 747 382 nuova.
790 283 857 366 sc,

1226 409 1240 438 Κ

159 499 164 507 ,
207 463 267 536 16,
289 460 321 522 4.
344 454 580 543 superantibus
603 455 684 521 aliis
709 479 751 521 eo
776 441 1023 541 emergentibas
1046 455 1164 518 mulis.
1198 453 1260 518 ubi

206 541 472 628 Drakenborehii
488 565 529 606 ec
540 541 769 628 mergentibus
785 539 887 604 molis
902 541 957 604 vix
972 539 1107 628 probari
1124 550 1259 627 potest:

208 629 362 718 equidem
379 629 529 716 suspicor
550 627 740 693 adverbium
764 625 896 712 aliquod
924 649 992 690 esse
1014 625 1177 713 elapsum.
1207 627 1260 705 41,

207 721 269 795 24,
294 719 344 780 18.
365 727 534 800 susspectus
554 713 642 778 alios
660 737 702 778 ue
719 713 849 776 invisos
867 707 1046 799 efficimus.
1068 711 1125 774 ubi
1144 733 1261 774 eorre-

207 811 327 868 xerunt
345 811 378 866 et
394 800 530 864 inrisos.
562 803 621 878 42,
646 805 705 878 12,
729 804 760 862 8.
792 819 943 862 sororem
955 795 1091 861 dedisse
1109 796 1263 860 Prusiae

232 885 365 951 receuti
381 909 424 968 po
439 885 567 950 oranti.
589 885 674 948 Dial.
692 883 731 948 ds
747 893 831 947 orat.
848 889 887 962 4,
906 889 936 948 1.
960 905 1002 947 ec
1018 880 1176 946 assidua.
1206 881 1262 945 ubi

201 909 378 1048 1661661166
394 971 549 1037 correxit.
573 971 633 1049 40,
657 977 687 1038 8.
710 993 752 1033 eo
773 969 875 1032 tallias
889 967 1054 1034 revocavit
1069 966 1260 1041 Bekkerus,

235 1079 310 1122 uam
336 1077 413 1122 uam
432 1058 467 1122 in
491 1056 655 1120 Vaticanis
675 1056 795 1140 legitur
822 1065 894 1120 siit.
920 1059 981 1129 89,
1005 1059 1037 1118 8.
1057 1075 1145 1116 unns
1171 1053 1263 1118 inter

210 1081 296 1208 dees
310 1079 439 1206 dicenti
453 1165 495 1208 uo
511 1141 601 1206 ulter
619 1141 770 1205 adsistit.
793 1140 833 1204 de
871 1161 915 1204 uo
930 1139 1005 1204 loeo
1023 1137 1090 1204 vid.
1114 1138 1265 1202 Schurz-

166 1247 171 1282 1
209 1228 332 1292 sseisoh.
366 1228 402 1290 in
429 1227 516 1291 Actis
547 1227 646 1290 litter.
676 1249 711 1314 p.
734 1231 806 1291 191.
834 1161 917 1289 Plin.
938 1225 1001 1312 Ep.
1025 1227 1063 1304 5,
1085 1216 1123 1304 6,
1145 1228 1199 1288 19.
1223 1247 1265 1286 ae

210 1311 404 1378 adiacentis
424 1311 654 1400 hippodromi.
690 1311 780 1398 quod
808 1311 939 1376 Cottius
964 1309 1153 1374 emendavit
1176 1309 1264 1372 duc:

211 1397 286 1466 eod.
303 1399 398 1483 Prag.
414 1397 487 1462 too.
510 1398 592 1462 Plin.
608 1397 690 1462 Hist.
706 1419 739 1460 n.
759 1401 816 1476 16,
828 1399 899 1474 48,
921 1401 974 1462 88.
995 1419 1037 1460 ae
1052 1396 1090 1459 io
1105 1393 1178 1458 elio
1191 1417 1261 1481 ge-

210 1507 302 1550 nere.
338 1484 530 1571 Daleoamp.
555 1494 626 1547 aut.
667 1483 764 1547 Silius
790 1486 829 1562 6,
860 1488 918 1563 10,
949 1484 1023 1566 647.
1056 1481 1088 1545 si
1083 1477 1183 1629 sm
1210 1480 1264 1544 ita

211 1569 335 1634 Martis
359 1570 469 1656 iniqui
492 1592 570 1632 mox
591 1566 693 1657 ferat
717 1591 759 1632 oe
780 1567 865 1653 ipsis
887 1567 1030 1648 inimica
1045 1589 1081 1630 ss
1108 1567 1263 1630 eiecera-

213 1653 316 1719 dum:
339 1655 395 1718 sed
415 1655 573 1718 editiones
591 1663 652 1718 vet.
671 1666 737 1718 ast.
764 1653 924 1734 Quinctil.
944 1653 1025 1718 Inst.
1040 1658 1105 1732 12,
1128 1656 1186 1731 10,
1210 1655 1264 1714 77.
1347 1663 1348 1690 1

210 1740 392 1806 solicitudo
407 1739 620 1826 persequitur
643 1763 685 1803 ue
708 1750 880 1804 oratorem
904 1749 1071 1822 macerat.
1103 1735 1265 1800 1161666-
1348 1795 1349 1806 ,

123 1867 128 1876 -
213 1825 379 1914 ruptelam
391 1816 516 1890 indicat
531 1825 665 1890 varietas
678 1825 838 1900 lectionis,
858 1823 898 1888 de
914 1847 978 1910 qua
994 1822 1263 1888 vid.Buttmann.

136 1955 140 1960 -
211 1911 339 1976 Florus.
355 1916 395 1989 2,
421 1913 479 1990 10,
501 1915 533 1974 2.
557 1931 599 1973 ac
615 1907 1009 1998 ludibundosplerosque
1024 1907 1138 1974 66661
1153 1919 1265 1972 esseut

96 1996 102 2014 ¹
205 2018 297 2081 prae
316 1993 450 2081 poculis
474 1997 669 2058 nescientes.
706 1995 789 2059 Cod.
815 1993 997 2076 lustin.'1,
1029 2000 1067 2072 2,
1091 1993 1151 2058 16.““
1167 1993 1265 2056 ariti—
1350 1997 1351 2014 ¹

91 2091 97 2110 ’
143 2141 145 2148 ,
232 2080 323 2139 uatis
340 2073 767 2162 acinfirmatisfonditas.
809 2079 862 2146 Ae
878 2082 985 2146 etiam
998 2080 1029 2144 le
1051 2079 1118 2142 itur
1132 2079 1169 2140 in
1181 2077 1265 2140 Plin.

182 2099 276 2248 ip.
293 2165 352 2236 10,
375 2161 428 2224 46.
455 2171 491 2222 ut
507 2161 587 2224 olim
611 2159 646 2223 in
661 2162 756 2224 Varr.
775 2157 889 2224 de'Re
911 2182 939 2223 r.
966 2165 1004 2234 1,
1023 2103 1077 2222 17.
1099 2163 1135 2226 in
1161 2163 1265 2226 Colu-

213 2245 293 2310 mel.
309 2250 349 2327 9,
374 2249 432 2327 12,
453 2247 484 2311 4.
513 2246 545 2309 in
565 2245 699 2309 Sueton.
715 2245 776 2310 lul.
793 2250 845 2309 26.
867 2245 950 2329 Aug.
971 2249 1021 2308 19.
1041 2245 1128 2307 male
1145 2242 1266 2306 defen-

213 2351 289 2394 sum
313 2353 331 2394 a
355 2329 468 2395 Cortio
485 2332 524 2394 ad
541 2331 621 2395 Plin.
644 2331 705 2434 Ep.
723 2334 759 2411 5,
782 2335 812 2394 6.
834 2330 885 2395 Ao
904 2331 957 2395 ito
980 2331 1016 2394 in
1040 2327 1181 2414 epistola
1204 2329 1266 2392 Gn.

214 2417 333 2501 Pomp.
358 2415 470 2500 Magni
496 2417 603 2486 addita
628 2427 723 2502 epist.
748 2417 814 2481 Cic.
847 2415 888 2479 ad
916 2417 983 2480 Au.
1006 2417 1042 2490 8,
1069 2419 1120 2478 12.
1146 2435 1189 2477 ac
1215 2413 1267 2478 ite

220 2499 317 2565 video
345 2501 474 2564 censeri
496 2501 670 2566 Marcelle
704 2511 741 2564 ut
768 2499 870 2564 edidit
885 2500 1002 2566 Bosius
1011 2548 1021 2581 ,
1055 2499 1112 2563 sed
1139 2497 1267 2564 codices

215 2594 413 2670 corruptum
442 2583 565 2648 habent
590 2585 679 2649 altio
710 2585 762 2648 vel
794 2587 910 2652 etiam.
962 2585 1089 2672 Apulei.
1122 2585 1207 2649 Met.
1233 2591 1265 2649 2.
1298 2640 1302 2648 .

213 2693 248 2758 p.
267 2673 328 2734 118
339 2719 349 2748 ,
360 2694 361 2698 ¹
372 2673 426 2734 29.
439 2693 493 2734 ue
509 2671 546 2734 iu
563 2670 777 2734 eontrarium
790 2672 961 2758 gratiam.
987 2694 1029 2734 ne
1045 2668 1267 2734 Ruhnkenius

216 2755 350 2840 quidem
376 2755 542 2836 correxit,
564 2754 779 2844 Oudendorp.
806 2768 915 2822 autem
958 2778 1039 2820 uum
1062 2757 1097 2820 in
1123 2757 1267 2842 antiquis

214 2840 307 2905 libris
330 2841 506 2905 invenisset
525 2853 580 2923 at,
597 2842 736 2905 coniecit
759 2854 870 2941 etque.
914 2779 963 2906 Al
980 2842 1040 2904 hac
1065 2863 1144 2907 vero
1171 2865 1267 2904 com-

214 2926 309 2991 muni
327 2927 559 2993 consuetudine
584 2939 730 2993 auctores
753 2928 920 2992 latinitatis
942 2927 1118 3015 prolapsae
1141 2926 1268 2990 abhor-

216 3013 331 3092 ruisse,
347 3011 413 3076 iam
433 3011 683 3078 Drakenborch.
700 3014 740 3076 ad
759 3014 830 3078 Liv.
855 3019 911 3093 10,
934 3018 987 3078 36.
1013 3024 1044 3076 61
1068 3013 1269 3076 Oudendor-

201 3100 292 3184 'pius
310 3108 505 3162 notaverunt
523 3098 563 3161 ad
580 3100 715 3162 Sueton.
734 3100 823 3164 Caes.
840 3103 892 3162 26.
913 3099 1004 3163 Coel.
1022 3097 1124 3162 Curio
1145 3099 1181 3160 in
1199 3099 1267 3163 Cio.

216 3183 360 3270 Philipp.
384 3189 441 3263 11,
464 3189 496 3247 8.
521 3207 588 3263 „oe
613 3184 742 3246 ineius
765 3185 920 3270 corpore]
956 3183 1269 3272 illamnparticulam

61 3315 65 3336 .
167 3313 170 3318 2
217 3291 259 3332 uc
275 3289 345 3330 non
362 3269 604 3352 praeposuisset
625 3268 746 3346 vocali,
773 3269 800 3333 si
840 3270 993 3334 eriodum
1016 3279 1049 3333 et
1074 3271 1269 3337 conversio-

55 3429 58 3440 ,
217 3373 295 3418 nem
314 3352 504 3436 incepissem
531 3353 565 3416 in
584 3353 655 3440 ipsa
674 3291 968 3442 compreiensione
985 3355 1153 3430 interdum
1167 3355 1268 3432 solet,

146 3505 156 3530 .
216 3438 252 3502 in
266 3436 431 3527 principio
449 3460 581 3522 semper
601 3441 750 3526 sequitur
768 3461 973 3515 consonans,
996 3451 1034 3504 ut
1050 3441 1154 3528 paulo
1169 3451 1266 3509 ante:

217 3523 270 3587 Ae
285 3520 481 3586 Dolabella.
523 3523 657 3587 Possem
673 3537 821 3590 sexcenta
842 3526 993 3614 exempla
1011 3525 1180 3614 proferre,
1204 3525 1270 3590 nisi

216 3618 371 3694 putarem
387 3629 484 3694 posse
492 3607 647 3696 invenire,
665 3610 721 3694 qui
730 3610 853 3674 volent.
876 3611 1003 3697 legatur
1016 3611 1121 3675 modo
1138 3633 1268 3698 prooe-

217 3692 322 3756 mium
339 3694 441 3781 primi
457 3692 533 3757 libri
557 3693 596 3757 de
613 3693 789 3759 Oratore.“
819 3697 918 3760 Cuius
944 3698 1123 3763 'sententiae
1151 3698 1269 3761 termi-

216 3797 279 3877 nos
299 3772 365 3842 iam
382 3779 578 3844 Garatonius
594 3779 716 3844 reiecit.
762 3780 825 3844 Sed
841 3783 928 3868 inter
952 3805 1007 3848 eos
1032 3783 1185 3860 criticos,
1210 3783 1269 3883 qui

112 3923 114 3928 .
217 3872 334 3930 vitiosa
350 3865 534 3928 mutatione
553 3864 719 3950 antiquam
737 3867 798 3928 scri
824 3878 933 3932 turam
952 3869 1123 3946 meliorem
1142 3877 1269 3930 exstir-

219 3959 354 4035 parent,
377 3947 572 4038 nominandi
587 3960 664 4012 sunt
690 3951 761 4050 ipse
778 3889 823 4016 Np
834 3951 995 4036 Heinsius,
1018 3955 1075 4041 qni
1097 3954 1131 4017 in
1147 3953 1219 4016 Liv.
1237 3959 1266 4030 1,

220 4033 279 4113 14,
300 4039 332 4098 7.
358 4034 498 4100 co‘nieoit
520 4057 562 4098 ao
578 4033 736 4100 obscurus.
762 4048 795 4101 et
811 4039 970 4119 Davisius,
993 4041 1101 4137 quiin
1118 4038 1210 4102 Caes.
1227 4033 1265 4100 Β.

218 4117 292 4184 Gal.
307 4124 347 4204 2,
371 4123 422 4186 19.
440 4125 603 4208 porrecte
617 4145 660 4188 ue
677 4133 801 4210 aperte
817 4121 905 4208 locu,
921 4123 955 4189 in
972 4125 1041 4192 Cio.
1060 4121 1100 4192 de
1114 4123 1190 4190 Nat.
1214 4121 1264 4186 de.
