2760 4748
225 281 290 344 860
517 312 520 326 ·
649 276 778 344 »ΔΝ.
902 373 912 390 N
1047 271 1078 307 '¹

229 431 334 498 tivum
351 451 428 496 oum
445 433 623 498 accusativo
640 441 749 498 autem
772 428 940 516 usurpari,
963 425 1022 490 ubi
1037 448 1107 490 non
1127 426 1287 507 interro-

230 519 398 602 gationem
416 517 636 614 propositam,
658 517 725 598 sed,
741 515 901 580 sententia
918 523 992 578 ante
1011 522 1185 598 occupata,
1213 511 1287 574 rni-

230 603 393 668 rationem
433 623 469 666 er
481 602 751 690 interrogationis
774 599 956 666 formulam
972 596 1192 682 significatam
1212 619 1287 664 esse
1347 597 1350 603 ’

232 687 367 752 dicatur.
407 625 448 752 ln
464 696 554 750 recta
570 689 721 754 oratione
735 686 818 754 nihil
836 685 967 751 dillerrc
982 683 1041 746 has
1057 682 1188 749 dicendi
1206 681 1286 747 for-

228 769 321 845 mas,
347 781 445 856 atque
458 782 636 858 utramque
654 783 687 836 ot
701 771 1013 857 interrogationem,
1038 789 1122 856 quae
1135 789 1287 856 respon-

233 857 363 920 sionem
381 857 544 945 requirat,
565 869 597 922 et
612 857 904 936 exclamationem,
929 876 1011 940 quae
1027 853 1287 941 responsionem

180 978 183 982 ·
231 931 268 1008 in
295 963 330 1006 se
355 941 474 1012 habeat
498 947 766 1030 praesumptam,
795 964 863 1010 uno
882 941 987 1008 modo
1007 938 1170 1028 exprimi:
1203 939 1288 1002 atin

69 1031 92 1042 ““
234 1028 387 1092 oratione
403 1027 536 1113 obliqua
552 1030 707 1118 distingui
726 1029 819 1095 illam'
836 1026 1015 1092 sententiae
1038 1038 1113 1092 ante
1133 1045 1287 1111 occupa-

232 1123 285 1178 tae
303 1112 547 1180 definitionem:
587 1115 701 1194 Quare
724 1135 827 1202 quum
842 1112 913 1179 Liv.
941 1115 980 1193 6,
1001 1116 1055 1177 87.
1080 1109 1285 1196 scripsisset:

233 1221 282 1265 an
306 1199 380 1264 iam
403 1200 569 1266 memoria
592 1201 720 1279 exisse,
743 1237 787 1252 *-
816 1209 960 1288 quotuor
985 1194 1288 1288 etsquadraginta

219 1284 336 1350 'anuis
362 1284 538 1358 neminem,
558 1307 599 1348 ex
620 1284 721 1372 plebe
748 1283 920 1351 tribunum
949 1282 1097 1346 militum
1129 1293 1287 1344 creatum

233 1365 328 1434 esee?
347 1389 423 1435 eum
438 1392 508 1434 non
526 1371 873 1459 quaesivisse‚‹utrum
889 1369 1051 1436 memoria
1068 1367 1194 1432 exisset
1208 1389 1287 1434 uec-

233 1452 401 1542 ne.(quod
421 1455 654 1537 esse'deberet:
684 1456 819 1523 unium
842 1455 1008 1520 memoria
1033 1454 1195 1534 exisset),
1227 1452 1286 1514 sed

233 1561 299 1629 pro
317 1551 490 1626 comperto
506 1541 675 1626 posuisse,
704 1543 771 1608 iam
788 1539 950 1607 memoria
969 1537 1083 1602 exisse
1127 1537 1172 1604 Et
1188 1536 1235 1602 sic
1253 1538 1287 1600 in

235 1624 389 1709 reliquis,
412 1625 607 1708 inquorum
624 1627 843 1711 explicatione
857 1625 919 1692 tn'a
934 1633 1029 1704 sunt,
1057 1645 1140 1708 quae
1157 1621 1287 1690 deside-

235 1726 374 1782 remus.⁴
403 1709 551 1776 Primum
570 1710 605 1776 in
629 1711 790 1792 exemplis
811 1711 882 1776 Liv.
906 1713 945 1789 7,
963 1709 994 1776 4.
1024 1705 1115 1794 quod
1136 1717 1288 1771 naturae

149 1873 153 1880 „
177 1795 192 1879 J
237 1790 403 1860 damnum
426 1804 540 1869 utrum
570 1795 791 1869 nutriendum
809 1795 926 1880 patri,
960 1817 1007 1862 nn
1038 1791 1288 1877 castigandum

238 1882 281 1938 ac
304 1877 639 1965 vexatione'insigne
650 1877 858 1967 faciendam
870 1875 1011 1966 fuisse?
1045 1888 1077 1941 et
1100 1898 1198 1962 quae,
1212 1879 1313 1944 §M
1353 1887 1354 1924 l

237 1958 336 2024 huius
352 1965 496 2050 generis,
509 1966 697 2032 necessario
715 1975 921 2057 exspectatur
942 1963 1132 2050 responde,
1162 1962 1287 2026 etiamsi

175 2070 178 2086 ·
208 2072 210 2076 ’
237 2068 276 2110 ea
291 2067 361 2108 non
378 2047 484 2124 verbis
502 2071 654 2136 expressa
671 2051 800 2142 legitur.
841 2049 930 2118 Tum
945 2051 1070 2116 mirum
1087 2047 1229 2127 videtur,
1244 2047 1284 2121 id,

239 2131 329 2217 quod
353 2132 498 2199 inrecta
523 2137 674 2204 oratione
703 2137 833 2203 nullum
860 2135 995 2204 haberet
1026 2133 1223 2212 discrimen,
1253 2134 1285 2195 in

158 2215 162 2226 ¹
213 2216 374 2304 obliqua
391 2217 581 2288 distinctum
599 2233 678 2288 esse.
721 2223 870 2308 Denique
885 2220 917 2286 in
936 2222 975 2286 iis
990 2240 1124 2306 quoque
1140 2211 1285 2284 interro-
1353 2213 1354 2286 l

238 2303 445 2389 gationibus,
468 2327 551 2394 quae
573 2306 775 2376 rhetoricam
797 2307 901 2370 modo
925 2308 991 2373 vim
1016 2305 1159 2380 habent,
1194 2325 1285 2390 saepe
1353 2303 1354 2388 l

239 2387 639 2475 coniunctivusponitur,
671 2393 769 2460 veluti
787 2394 879 2460 caes.
896 2392 934 2459 Β.
963 2390 1047 2456 Gall.
1073 2393 1113 2468 5,
1140 2393 1196 2452 29.
1220 2412 1286 2475 po·
1353 2389 1354 2444 l

237 2483 386 2562 sti-emo,
397 2474 470 2562 quis
485 2479 548 2539 stuc
562 2478 629 2544 sibi
668 2474 888 2545 ersuoderet?
909 2478 1220 2561 quemquamst&
1238 2474 1286 2536 di-

238 2567 350 2623 xerat:
371 2569 542 2642 postremo
558 2563 618 2650 qui
666 2585 736 2626 esse
760 2562 864 2630 levius
890 2573 951 2624 orit
973 2557 1136 2645 turpius?
1162 2561 1287 2638 Quam·
1353 2629 1354 2634 η

156 2712 159 2721 Δ
240 2641 358 2710 obrem
383 2642 757 2736 Kriigerusipsep023.
778 2645 1139 2731 concedit‚'utramque
1161 2644 1287 2708 dicendi

238 2726 386 2812 formem
418 2733 536 2801 eodem
568 2746 674 2802 sensu
701 2733 866 2820 usurpari.
918 2731 1042 2818 Regula
1064 2732 1166 2817 igitur
1199 2730 1286 2794 aliter
1353 2755 1354 2786 t

94 2879 96 2886 .
133 2885 136 2901 Ι
241 2813 467 2884 constituenda
484 2820 579 2882 estin
599 2819 688 2905 hune
705 2820 856 2886 modum.
901 2817 1139 2902 interrogativa
1154 2827 1285 2880 senten·
1353 2795 1354 2890 l

239 2897 286 2968 tia
302 2909 412 2984 potest
430 2902 459 2966 in
477 2905 666 2974 narratione
683 2904 801 2973 referri
817 2903 938 2991 duplici
953 2903 1070 2973 modo,
1094 2911 1150 2965 aut
1163 2911 1286 2965 servata
1353 2901 1354 2980 l

129 3065 136 3076 '
212 3039 215 3048 ¹
241 2984 650 3074 interrogationisforma,
678 3011 771 3074 quae,
796 3011 898 3074 quum
921 2988 1092 3078 pendente
1109 2985 1214 3050 verbo
1231 2985 1286 3048 ali·-
1353 2981 1354 3060 l

242 3091 309 3158 quo
327 3071 376 3138 vel
393 3094 548 3160 expresso
565 3076 613 3143 vel
632 3073 817 3156 intellecto,
848 3097 909 3164 per
926 3073 1175 3138 coniunctivum
1193 3072 1287 3136 eder-

201 3155 209 3216 ,’
239 3165 389 3246 tument
405 3159 512 3225 induit
528 3181 600 3226 eam
616 3159 782 3238 formam,
817 3181 880 3246 qua
904 3157 1084 3226 infinitivus
1111 3179 1190 3224 eum
1213 3152 1287 3222 relt-

241 3240 313 3335 quis
332 3242 437 3306 verbis
460 3263 559 3307 unam
579 3245 748 3311 constituit
769 3247 961 3319 notionem,
993 3265 1075 3332 quae
1101 3243 1154 3310 vel
1179 3242 1288 3307 nomi-

240 3325 341 3390 nativi
359 3324 409 3390 ve‘l
426 3330 596 3394 accusativi
614 3331 689 3398 loco
716 3331 847 3397 additur
867 3330 969 3398 uerbo
995 3329 1101 3406 alicui.
1146 3329 1221 3394 Hoc
1242 3327 1288 3396 al-

223 3419 349 3474 serum
373 3413 484 3510 'magis
513 3417 666 3484 convenit
701 3415 952 3504 interrogationi
982 3415 1190 3489 rhetoricae,
1229 3435 1289 3503 qua

240 3504 400 3590 tententur
430 3499 629 3584 exprimitur
660 3513 735 3568 ante
769 3501 836 3569 iam
871 3512 1048 3586 occupata,
1071 3521 1289 3590 ⁴quamquam

242 3589 341 3650 etlam
358 3581 390 3697 in
409 3605 445 3652 ea
459 3587 581 3654 serrari
595 3595 707 3674 potest
716 3587 984 3670 interrogationis
996 3585 1156 3678 primaria
1166 3583 1288 3654 forma.

266 3799 272 3814 ‚
337 3721 435 3790 *An
460 3745 478 3790 a
498 3722 639 3792 librariis
662 3747 759 3814 saepe
788 3735 1031 3795 commutatum
1055 3735 1103 3790 est
1119 3735 1289 3792 cumxout.

211 3839 215 3849 ι
242 3798 308 3892 yid.
326 3803 496 3876 Drakenb.
522 3811 560 3877 ad
585 3811 655 3880 Liv.
672 3813 712 3892 5,
736 3817 775 3885 3,
801 3817 830 3882 7.
861 3810 1033 3879 84477471..
1052 3811 1092 3879 ad
1111 3811 1195 3879 Plin.
1214 3811 1289 3885 Pan.

242 3907 276 4040 p.
293 3892 368 3957 304.
391 3895 464 3960 432,
486 3896 561 3964 578.
577 3897 707 3974 „Burro
726 3899 764 3966 ad
788 3895 902 3965 Claud.
918 3895 971 3962 Vl.
992 3897 1092 3965 Coos.
1113 3897 1290 3964 Ilon.192.

169 4028 173 4046 ,
245 3981 332 4058 ,nter
357 4021 366 4038 .
384 3977 424 4043 ad
440 3977 569 4047 Sallust.
593 3980 664 4067 lug.
684 3984 737 4052 46.
764 3981 930 4052 interdum
948 4004 1024 4052 eum
1041 4005 1092 4047 ac.
1127 3979 1289 4050 Schwam.

201 4137 202 4146 ἵ
244 4055 287 4140 ad
305 3997 389 4130 Plin.
406 4061 483 4133 Pau.
499 4087 534 4158 p.
553 4071 629 4138 270.
652 4071 727 4154 285.
751 4067 866 4138 Critiei
886 4067 927 4139 ad
943 4069 1025 4139 Stat.
1044 4067 1124 4136 sssv.
1142 4067 1174 4150 4,
1191 4071 1223 4151 6,
1239 4071 1288 4134 43.
