2726 4746
238 317 303 382 tec
589 309 797 421 ¹arcun,
824 311 890 374 ao.

171 497 175 512 ¹
237 470 398 560 exemplis
422 467 551 558 egregie
579 467 794 555 perspicitur,
824 467 860 531 in
889 463 1007 554 quibus
1031 475 1134 552 atque
1157 464 1290 532 admitti

236 558 329 623 nullo
345 567 440 644 pacto
464 554 581 642 possit.
625 553 710 616 Nam
734 553 872 616 dicimus
887 552 1057 616 hominem
1082 552 1208 614 animo
1233 563 1289 614 ot-

238 666 301 731 que
320 663 459 728 corpore
468 651 669 728 praestare.-
693 649 725 704 nt
739 661 809 704 non
828 639 908 702 item
924 648 1010 702 recte
1028 637 1131 704 homo
1151 649 1289 701 constat

237 729 354 792 animo
370 739 470 814 atque
484 718 640 812 corporel,
672 725 789 810 quihus
812 723 919 788 verbis
943 734 1054 810 partes
1073 723 1185 787 variae
1207 745 1287 787 con-

129 821 132 827 “
235 807 431 902 iungantur,
453 834 521 876 uon
543 814 812 896 aequiparentur:
834 829 935 896 quare
955 829 1033 872 cum
1051 809 1213 872 omnibus
1229 809 1288 872 bo-

236 900 289 962 nis
314 897 530 984 scriptoribus
561 895 691 959 Sallust.
705 894 781 982 &Iug.
804 901 836 959 2.
860 894 943 958 dixit
963 917 1073 981 genus
1095 891 1288 958 lurmauum

162 983 167 994 “
236 983 458 1070 compositum
473 1006 513 1046 ex
528 1003 669 1068 corpore
685 993 716 1044 et
736 982 857 1045 animo
882 991 943 1044 cst.
985 981 1071 1044 Haec
1095 991 1213 1044 autem
1238 1003 1288 1044 ea-

235 1070 313 1135 dem
331 1077 379 1134 est
397 1091 525 1142 caussa,
549 1077 754 1154 quapropter
774 1077 884 1156 partes
909 1066 1085 1144 orationis,
1115 1088 1207 1152 quoe
1223 1089 1287 1176 per

234 1169 336 1244 utque
358 1157 621 1238 coniunguntur,
656 1154 776 1232 cretius
799 1155 975 1218 cohaerere
991 1151 1157 1216 videntur.
1203 1153 1287 1215 ham

233 1243 409 1310 inhaerent
432 1239 494 1302 sibi
509 1238 649 1302 invicem
668 1248 700 1299 et
716 1239 809 1324 quasi
835 1237 1019 1302 confluunt.
1062 1237 1167 1308 Vnde
1188 1240 1287 1302 etiam

155 1379 157 1386 .
232 1327 289 1408 fir,
315 1337 352 1389 ut
366 1325 446 1388 haec
462 1322 622 1412 particula
638 1341 710 1386 eam
725 1327 760 1386 in
780 1347 814 1388 se
834 1324 970 1410 recipiat
988 1323 1057 1386 rim
1073 1323 1288 1388 demonstra·

164 1441 168 1446 ¹·
231 1413 349 1490 tivam,
364 1414 454 1500 qua,l
471 1418 508 1472 ut
521 1431 821 1491 rerumconncxus
839 1409 1058 1500 percipiatur,
1075 1409 1231 1472 animum
1249 1410 1288 1473 ad

233 1497 332 1562 aliam
357 1519 428 1562 rem
452 1494 551 1559 simul
580 1494 927 1582 comprehendendam
950 1495 1120 1583 perducit,
1144 1517 1288 1580 eamque

234 1605 341 1670 aequo
357 1581 459 1646 modo
470 1581 745 1646 considerandam
759 1591 932 1647 monstrat.
972 1580 1035 1644 Vbi
1051 1581 1153 1666 igitur
1168 1603 1287 1668 gram·

147 1734 148 1743 ,
232 1669 369 1746 mancip
392 1688 496 1766 quum
518 1665 675 1731 vidissent
697 1667 732 1730 in
756 1668 869 1732 multis
889 1665 973 1732 locis¹
993 1667 1203 1753 pronomina
1226 1667 1287 1732 de·

231 1763 448 1820 monstrativa
465 1762 497 1816 et
509 1753 693 1840 personalia
711 1755 871 1840 proximo
891 1752 970 1818 loco
990 1773 1067 1816 cum
1088 1751 1151 1816 bac
1175 1754 1286 1840 parti-

231 1840 306 1906 cula
330 1838 509 1924 componi,
540 1837 641 1902 veluti
667 1849 768 1925 atque
790 1839 868 1920 ille,
892 1850 992 1925 atque
1015 1860 1099 1926 ego,
1123 1837 1191 1902 hoc
1211 1841 1286 1926 qui-

230 1927 308 1992 dem
326 1933 521 2009 argumento
536 1922 807 1996 demonstrarunt
823 1936 923 2012 atquc
937 1947 1002 2011 ego
1016 1928 1100 2012 poni
1132 1946 1174 1988 ro
1187 1949 1207 1989 e
1229 1927 1286 1992 ui-

230 2011 330 2092 dem,
355 2022 390 2074 ut
407 2005 645 2074 fecitTellerus
660 2009 701 2072 ad
717 2008 849 2074 Sallust.
863 2033 898 2096 p.
915 2015 1096 2090 302.,‘con
1113 1948 1286 2075 undebant

188 2168 191 2173 ,
224 2114 381 2162 'caussam
398 2117 474 2160 cum
490 2117 529 2159 re
545 2117 585 2161 cx
601 2105 780 2159 eaerorta.
831 2097 919 2160 Num
943 2095 1157 2183 coniungitur
1179 2109 1284 2184 atquc
1352 2095 1353 2178 l

229 2206 306 2270 cum
321 2181 578 2270 pronominibus
591 2182 663 2270 ipsa
679 2203 737 2245 sua
755 2181 787 2246 vi
804 2205 840 2246 ac
858 2193 996 2263 natura,
1019 2193 1050 2246 et
1066 2183 1161 2270 quod
1178 2195 1283 2248 attra-

227 2269 355 2336 huntur
378 2268 600 2357 pronomina,
632 2268 666 2332 id
689 2291 759 2332 non
783 2269 854 2334 sola
881 2269 1116 2334 consuetudine
1141 2268 1198 2349 lit,
1224 2271 1283 2334 sed

227 2355 367 2422 ratione.
404 2355 472 2418 Cic.
491 2355 583 2421 Orat.
596 2360 642 2435 ¹2,
663 2359 694 2419 7.
718 2366 827 2444 utque¹
840 2377 905 2454 ego
928 2355 966 2420 in
987 2378 1118 2420 summo
1142 2369 1282 2421 oratore

217 2439 392 2529 fingendo
416 2439 521 2502 talem
540 2435 750 2528 informabo,
775 2442 888 2528 qualia
901 2438 1057 2529 fortusse
1077 2463 1178 2506 nemo
1192 2439 1280 2530 fuit.

225 2527 265 2590 ln
289 2525 341 2588 his
371 2523 516 2604 Cicero,
540 2535 719 2611 postquam
749 2538 965 2613 exposuerat,
1002 2549 1100 2614 quam
1136 2529 1279 2593 arduum

80 2598 89 2609 ’
195 2631 197 2639 ’
225 2622 312 2677 esset
328 2619 494 2698 praestare
511 2609 725 2695 eloquentia,
750 2613 868 2676 transit
885 2611 1002 2690 abiis,
1028 2615 1084 2699 qui
1108 2637 1143 2677 ss
1166 2615 1278 2678 studio

224 2698 433 2784 eloquentiae
448 2693 650 2777 dediderint,
673 2697 714 2760 ad
729 2719 827 2762 snum
842 2699 1035 2781 consilium,
1060 2700 1154 2787 quasi
1170 2701 1279 2763 dictu-

223 2805 299 2848 rus:
322 2783 371 2846 uti
385 2782 499 2861 iussa
510 2779 652 2854 habent,
681 2783 726 2846 ita
741 2805 802 2872 ego
817 2784 918 2849 talem
933 2783 1145 2857 informabo,
1170 2787 1279 2872 qualis

223 2867 364 2940 fortasse
386 2889 486 2932 nemo
511 2866 586 2933 fuir.
635 2869 721 2934 Haec
752 2870 901 2936 universa
922 2863 1102 2958 praedspta
1123 2883 1278 2951 tenentos

145 2965 147 2974 ’
223 2976 285 3020 nos
302 2952 453 3041 exempla
468 2975 557 3018 nunc
573 2975 614 3018 ex
628 2953 748 3036 ordine
768 2955 992 3044 disponamus.

307 3039 333 3106 I.
369 3045 397 3103 1.
429 3039 476 3102 Ac
492 3040 640 3126 primum
654 3041 815 3127 particula
830 3061 952 3120 ATQVE
968 3041 1002 3108 id
1018 3045 1197 3130 proprium
1212 3043 1277 3108 ha-

220 3126 306 3199 beta
320 3137 357 3190 ut
379 3127 540 3190 unitatem
565 3125 744 3190 notionum
769 3127 982 3210 interiorem,
995 3196 997 3202 ,
1011 3151 1202 3216 nexumque
1215 3153 1276 3194 re-

221 3235 298 3276 rum
322 3211 355 3274 in
386 3211 510 3296 aequali
532 3209 662 3276 ratione
688 3213 900 3298 conspicuam
933 3213 1105 3302 significet.
1160 3216 1274 3280 Vnitas

221 3297 311 3362 enim
338 3295 393 3358 illa
422 3295 470 3357 vel
491 3293 561 3381 ipsa
584 3307 721 3382 apparet
743 3297 777 3360 in
804 3297 903 3363 iebus
924 3303 1022 3365 unius
1046 3301 1190 3388 generis,
1219 3301 1274 3366 vel

188 3463 193 3466 ῃ
221 3379 396 3446 conficitur
409 3381 506 3444 rebus
521 3381 560 3444 nd
579 3403 680 3446 unam
705 3383 869 3448 rationem
891 3407 996 3471 aequo
1021 3387 1133 3450 modo
1154 3387 1274 3452 confe-

217 3465 340 3532 rendis.
385 3465 462 3546 Quo
479 3465 612 3550 quidem
626 3485 748 3546 ATch
769 3469 875 3534 differt
892 3470 931 3534 ab
950 3490 1015 3547 Er,
1032 3472 1124 3557 quod
1139 3475 1274 3538 meram

218 3551 490 3616 coniunctionem
508 3551 660 3628 denotat,
683 3565 797 3640 atquc,
821 3565 859 3618 ut
875 3555 961 3630 dixi,
985 3557 1185 3645 ubicumque
1206 3559 1273 3623 ob-

217 3639 301 3708 tinet
316 3637 430 3700 locum
449 3657 557 3713 suum.
599 3637 638 3701 ln
654 3639 885 3707 connectendis
909 3653 1019 3706 autem
1042 3642 1094 3708 his
1117 3646 1273 3712 notioni-

217 3721 278 3786 bus
298 3722 457 3786 similibus
473 3732 506 3788 et
522 3723 687 3811 cognatis,
713 3727 780 3794 sive
796 3748 854 3790 sua
869 3737 987 3791 natura
1002 3727 1271 3814 cohaerentibus,

217 3826 331 3878 sensus
361 3808 537 3894 particulae
561 3820 661 3895 atquc
684 3811 778 3900 reddi
802 3823 912 3898 potest
937 3813 1061 3879 verbis:
1092 3828 1188 3880 nt-
1204 3819 1271 3900 ita,

215 3893 371 3990 itemque.
400 3891 520 3988 'Saepe
544 3893 625 3958 haec
643 3893 743 3960 dictio
768 3897 1017 3986 amplificationi
1034 3901 1130 3966 unius
1150 3905 1269 3968 nomi-

215 4001 267 4044 nis
287 3986 433 4044 inservit.
836 4019 840 4024 .
1211 3984 1213 3986 ’

320 4051 426 4149 'surpra
453 4078 521 4148 apua
547 4079 602 4151 cic.
633 4082 666 4134 aa
691 4085 763 4136 ram.
790 4083 825 4148 4,
853 4084 885 4148 ⁵,
915 4081 957 4136 14.
984 4084 1080 4138 ..citus
1106 4085 1189 4139 uso.
1211 4102 1266 4152 se,

286 4183 365 4236 quem
383 4182 439 4219 non
457 4161 648 4245 lohginquitas
673 4172 806 4239 temporis
826 4169 934 4240 miscuas
953 4170 1128 4261 acfnrclliat.
1161 4175 1217 4226 Cic.
1237 4195 1265 4244 p.
