2760 4748
571 276 699 396 auru.
759 231 765 238 ⁸
805 258 808 262 ’
1093 253 1177 354 sor
1268 237 1269 244 Ν

113 443 352 536 curciarentur,
373 451 454 506 uate
468 419 604 528 ponitur
618 444 810 532 proprius,
839 443 929 532 quod
949 443 1062 512 diflert
1082 449 1155 536 ipsa
1195 435 1204 444 ¹

101 531 177 622 ‘hac
194 528 444 617 comparatione
462 527 625 616 expressa.
647 549 653 554 ·

229 651 321 702 lustin.
340 647 373 712 2,
394 649 487 711 10,1.
508 649 616 706 decedit
634 649 739 721 relictis
756 649 852 706 multis
874 649 959 717 filiis,
979 661 1007 704 et
1023 655 1053 706 in
1069 671 1154 725 regno

187 745 215 790 et
230 747 295 790 ante
313 753 427 805 ragnum
446 740 589 814 perceptis·
622 736 678 787 Liv.
697 735 747 809 ᾔ),
765 735 815 801 42,
832 735 859 791 7.
886 753 940 806 qua
956 739 1111 808 (oratione)
1129 744 1156 795 st

185 831 331 876 accusator
345 830 411 891 ante
424 827 531 885 notam‚'
549 837 604 872 non
624 836 718 874 censor
736 832 804 892 post
822 831 919 873 notam
936 831 1155 882 usus‘esset'etc.

201 950 233 1010 2.
266 945 460 1032 Designatus
476 927 583 1013 autem
597 942 866 1030 tempusduplici
882 947 995 1024 modo,
1018 958 1073 1011 aut
1087 965 1155 1012 nos

109 1027 260 1095 minibus
275 1041 469 1118 temporum
483 1033 518 1094 in
534 1031 599 1095 vita
613 1027 757 1108 humana
767 1029 859 1093 certis
874 1029 1023 1096 terminis
1038 1033 1156 1098 distin-

53 1143 58 1150 ·
95 1125 265 1192 ciorum,
299 1137 478 1196 annorum,
499 1115 646 1194 dierum,
669 1114 786 1200 quibus
811 1136 913 1200 quum
938 1117 1068 1182 additur
1089 1141 1156 1184 nu-

107 1223 245 1276 merus,
276 1201 387 1288 plures
411 1212 520 1288 partes
544 1201 688 1266 eiusdem
707 1199 938 1288 magnitudinis
960 1204 1155 1290 complecti·

110 1307 212 1369 mur,
234 1297 292 1364 aut,
304 1287 492 1351 nominibus
508 1287 685 1351 hominum
703 1296 734 1350 et
749 1306 861 1350 rerum
876 1285 1079 1376 intempore
1095 1313 1155 1378 ap-

142 1373 305 1436 arentium
320 1393 495 1458 earumque
516 1395 639 1452 rerum,
657 1393 739 1457 quae
757 1371 931 1456 aliquando
958 1385 1045 1441 actae
1065 1387 1153 1440 sunt.

111 1395 208 1524 inter
224 1459 280 1522 illa
297 1459 492 1546 conspicuae
509 1457 779 1538 conformatae,
812 1456 928 1543 quibus
946 1459 1009 1524 diei
1025 1471 1057 1524 et
1076 1463 1155 1526 anni
1240 1501 1242 1506 ,

112 1554 229 1634 partes
245 1554 411 1609 notantur.
452 1540 609 1630 Vulgares
623 1543 780 1607 dictiones
802 1543 1013 1629 suppeditant
1030 1545 1152 1610 lexicos

111 1630 215 1696 nobis
232 1621 431 1694 cantantum
452 1628 763 1694 commemorandae
785 1627 954 1713 videntur,
983 1631 1018 1696 in
1034 1623 1152 1732 quibus

112 1716 224 1804 aliqua
239 1716 595 1804 proprietas-cernitur.
1152 1793 1156 1806 ,

217 1836 300 1906 Plaut.
323 1835 413 1905 Amph.
437 1835 471 1900 2,
490 1834 523 1900 1,
540 1831 582 1886 55.
606 1845 637 1888 ut
665 1834 769 1887 dadum
788 1844 853 1889 ante
871 1833 958 1888 lucem
976 1843 1093 1904 apertu
1110 1856 1153 1890 me

182 1923 355 1994 praemisisti
378 1919 497 1973 domum.
534 1922 592 1997 Cas.
610 1921 642 1985 2,
660 1919 693 1985 8,
712 1920 754 1975 51.
786 1910 838 1980 Cic.
858 1921 890 1973 de
910 1926 955 1974 Or.
970 1908 1074 2000 2364,
1091 1923 1153 1976 259.

184 2009 212 2062 si
227 2007 265 2061 ad
281 2018 310 2060 te
326 2006 392 2060 bene
409 2017 473 2058 ante
490 2004 582 2058 lucem
599 2005 735 2058 venisset
757 2005 801 2058 ubi
827 2007 893 2058 nihil
918 2008 1075 2058 mutandum.
1110 2009 1154 2060 Sic

136 2128 140 2139 .
185 2090 256 2144 enim
284 2090 316 2142 de
343 2094 398 2142 lnv.
418 2091 454 2152 2,
479 2091 513 2152 4,
538 2087 580 2142 15.
608 2089 696 2143 stulto
716 2103 783 2146 ante
804 2091 890 2146 lucem
909 2097 1035 2146 surrexit.
1068 2095 1152 2144 Plaut.

183 2176 278 2230 Bacch.
294 2175 328 2242 3,
345 2175 378 2239 3,
396 2173 438 2225 20.
462 2187 527 2228 ante
546 2174 635 2232 solem
659 2181 824 2231 exorientem
849 2175 905 2230 nisi
929 2177 957 2230 in
980 2177 1153 2247 palaestram

183 2277 307 2318 veneras.
340 2261 464 2312 Horatius
485 2257 553 2312 dixit
567 2261 616 2329 Ep.
633 2261 666 2325 2,
689 2261 719 2328 1,
745 2259 803 2314 112.
822 2261 904 2332 priui
917 2273 979 2314 orto
997 2261 1057 2314 soie
1073 2262 1152 2334 vigil.

182 2347 297 2400 Iuvenal.
316 2347 364 2408 10,
381 2343 441 2420 829.
459 2344 628 2416 pereundam
645 2349 699 2400 erit
715 2355 780 2398 unte
798 2343 930 2399 lucernas.
964 2345 1065 2411 9‚108.
1092 2367 1153 2417 pro·

185 2436 278 2486 ximus
295 2441 361 2484 ante
378 2430 450 2484 diem
468 2448 557 2501 caupo
578 2434 653 2484 sciet.
679 2431 698 2482 i.
718 2447 740 2482 e.
757 2441 816 2482 ante
830 2431 927 2483 lucem:
956 2451 1031 2502 quam
1051 2433 1152 2485 dictio-

184 2533 245 2569 nem
259 2526 389 2585 tamquam
406 2532 459 2568 non
474 2517 582 2569 latinam
601 2515 732 2569 immerito
753 2517 858 2568 ‹lananat
873 2513 1011 2570 Noltenius
1029 2537 1056 2588 p.
1076 2516 1154 2577 1335.
1203 2570 1207 2578 ,
1295 2503 1297 2510 ¹

198 2643 230 2706 3.
259 2633 418 2704 Homines
439 2635 653 2706 nominantur
674 2641 714 2705 ad
729 2619 986 2728 designandum,
1003 2662 1069 2727 quo
1090 2643 1154 2729 ipsi

111 2728 288 2803 vixerunt,
324 2736 454 2822 tempus
476 2738 530 2789 aut
554 2727 595 2790 ad
626 2727 778 2792 ordinem
799 2725 1061 2813 significandum.
1116 2726 1154 2792 ln

109 2811 166 2878 his
185 2823 266 2881 ante
279 2833 376 2898 saepo
392 2811 482 2875 idem
498 2812 653 2899 estquod
666 2812 775 2897 prius.

230 2939 285 2996 Cic.
310 2940 390 2992 acad.
415 2941 449 3005 1,
473 2941 523 3004 12,
543 2937 587 2994 44.
614 2943 671 2995 iam
691 2937 757 2994 ante
778 2932 1154 3018 Socratpmfllemocritum,

184 3024 393 3095 Anaxagoram,
412 3025 621 3096 Empedoclem,
642 3044 736 3116 omnps
756 3047 825 3098 pene
849 3037 962 3082 veteres.
991 3025 1086 3092 virgil.
1105 3027 1153 3077 Ge.

185 3112 220 3174 1,
247 3107 306 3161 125.
330 3121 395 3164 ante
415 3114 510 3166 lovem
531 3110 608 3165 'nulli
630 3109 792 3184 subigebant
815 3131 884 3165 arva
910 3109 1012 3164 coloni.
1053 3110 1106 3161 Cic.
1125 3109 1154 3162 in
1212 3121 1214 3135 ¹

183 3195 262 3250 Verr.
281 3196 313 3260 1,
332 3194 381 3260 44,
403 3193 461 3246 115.
489 3197 635 3252 Minucius
655 3197 769 3271 quidam
785 3208 907 3251 mortuus
926 3205 968 3248 est
986 3205 1051 3248 ante
1070 3198 1155 3248 istum
1216 3211 1219 3234 ¹

185 3291 353 3356 praetorem.
386 3279 415 3330 in
436 3280 512 3332 Catil.
528 3283 562 3348 4,
581 3282 614 3348 S,
632 3277 658 3336 5.
676 3273 724 3354 ciui
738 3283 825 3336 honos
845 3291 945 3353 togato
962 3280 1154 3338 tubicinante

184 3382 229 3418 me
246 3375 287 3418 est
309 3367 420 3421 nesciui.
454 3367 558 3418 Sallust.
585 3361 641 3420 cai:
668 3367 717 3434 51,
734 3368 760 3422 9.
780 3370 828 3439 qai
845 3378 911 3420 unte
934 3383 976 3420 me
1001 3373 1155 3422 sententias

184 3447 325 3506 dicerunt.
359 3451 412 3503 Cic.
429 3447 457 3504 in
474 3452 549 3506 Verr.
571 3451 595 3506 1.
612 3457 671 3506 Act.
685 3453 719 3520 3,
740 3451 765 3505 9.
786 3456 833 3523 qai
849 3478 882 3491 -
904 3469 1030 3504 caussam
1048 3456 1155 3507 interea

119 3547 122 3555 ⁴
188 3545 335 3588 antaeum
354 3535 465 3592 diceret.
500 3541 605 3590 Sueten.
624 3541 696 3590 Caes.
713 3533 762 3596 26.
773 3555 869 3592 munus
893 3537 1001 3608 populo
1027 3533 1153 3609 epulam·

186 3639 238 3692 qne
253 3623 449 3690 pronunciavit
468 3623 497 3675 in
511 3617 601 3692 filiae
618 3625 790 3688 memoriam,
811 3621 885 3696 quod
904 3633 1047 3676 antaeum
1065 3643 1144 3678 nemo

183 3703 271 3758 Tacit.
296 3702 365 3758 Hist.
385 3705 417 3770 1,
438 3703 482 3762 50.
512 3707 642 3782 solusque
669 3713 880 3766 oniniamaate
905 3725 934 3762 sa
952 3709 1107 3779 principum
1125 3715 1155 3766 in

183 3787 282 3843 melius
299 3801 421 3843 niutatus
436 3803 488 3847 est.
551 3837 556 3857 ,

202 3865 211 3892 Ν
398 3891 401 3895 ,

202 3913 234 3977 4.
261 3911 384 3977 Rerum
400 3916 555 3997 nomina,
578 3916 695 4005 quibus
709 3924 835 4003 tempus
849 3926 1069 4002 antegressum
1087 3941 1153 3982 no-

110 4008 222 4077 tatur,
240 3997 401 4082 imprimis
416 4013 603 4082 munera-et
615 4003 747 4089 negotia
771 4013 926 4090 spectant.
968 3999 1005 4066 ln
1030 4004 1153 4087 vulgari

111 4105 271 4186 sermone
285 4081 346 4152 alia
366 4105 498 4174 quoque
520 4089 793 4176 ltausurpantur.
842 4091 960 4159 Poetae
985 4089 1151 4155 interdum

291 4202 296 4226 i
