<?xml version="1.0" encoding="UTF-8"?>
<!DOCTYPE html PUBLIC "-//W3C//DTD XHTML 1.0 Transitional//EN"
    "http://www.w3.org/TR/xhtml1/DTD/xhtml1-transitional.dtd">
<html xmlns="http://www.w3.org/1999/xhtml" xml:lang="en" lang="en">
 <head>
  <title>
</title>
<meta http-equiv="Content-Type" content="text/html;charset=utf-8" />
  <meta name='ocr-system' content='tesseract 3.04.00' />
  <meta name='ocr-capabilities' content='ocr_page ocr_carea ocr_par ocr_line ocrx_word'/>
</head>
<body>
  <div class='ocr_page' id='page_1' title='image "./ferdinandihandi00torsgoog_0184.png"; bbox 0 0 2784 4746; ppageno 0'>
   <div class='ocr_carea' id='block_1_1' title="bbox 707 329 867 398">
    <p class='ocr_par' dir='ltr' id='par_1_1' title="bbox 707 329 867 398">
     <span class='ocr_line' id='line_1_1' title="bbox 707 329 867 398; baseline 0 -2"><span class='ocrx_word' id='word_1_1' title='bbox 707 329 867 398; x_wconf 83' lang='lat' dir='ltr'><strong><em>ADHVC.</em></strong></span> 
     </span>
    </p>
   </div>
   <div class='ocr_carea' id='block_1_2' title="bbox 315 439 1316 562">
    <p class='ocr_par' dir='ltr' id='par_1_2' title="bbox 315 439 1316 562">
     <span class='ocr_line' id='line_1_2' title="bbox 315 439 1316 562; baseline 0.007 -22"><span class='ocrx_word' id='word_1_2' title='bbox 315 479 412 562; x_wconf 68' lang='lat' dir='ltr'><strong><em>pireit&#39;.</em></strong></span> <span class='ocrx_word' id='word_1_3' title='bbox 424 483 518 557; x_wconf 68' lang='lat' dir='ltr'><strong><em>virga.</em></strong></span> <span class='ocrx_word' id='word_1_4' title='bbox 538 490 603 540; x_wconf 75' lang='lat' dir='ltr'><strong><em>Aen.</em></strong></span> <span class='ocrx_word' id='word_1_5' title='bbox 619 485 653 551; x_wconf 78' lang='lat'><strong><em>4,</em></strong></span> <span class='ocrx_word' id='word_1_6' title='bbox 672 439 733 540; x_wconf 75' lang='lat' dir='ltr'><strong><em>tlt.</em></strong></span> <span class='ocrx_word' id='word_1_7' title='bbox 752 489 848 559; x_wconf 78' lang='lat' dir='ltr'><strong><em>siquis</em></strong></span> <span class='ocrx_word' id='word_1_8' title='bbox 862 484 953 540; x_wconf 79' lang='lat' dir='ltr'><strong><em>adbuc</em></strong></span> <span class='ocrx_word' id='word_1_9' title='bbox 965 478 1093 559; x_wconf 77' lang='lat' dir='ltr'><strong><em>precibus</em></strong></span> <span class='ocrx_word' id='word_1_10' title='bbox 1113 485 1203 554; x_wconf 79' lang='lat' dir='ltr'><strong><em>locres,</em></strong></span> <span class='ocrx_word' id='word_1_11' title='bbox 1223 507 1316 549; x_wconf 57' lang='lat' dir='ltr'><strong><em>erue.</em></strong></span> 
     </span>
    </p>
   </div>
   <div class='ocr_carea' id='block_1_3' title="bbox 195 570 1297 1073">
    <p class='ocr_par' dir='ltr' id='par_1_3' title="bbox 195 570 1297 727">
     <span class='ocr_line' id='line_1_3' title="bbox 195 570 1297 641; baseline 0.001 -13"><span class='ocrx_word' id='word_1_12' title='bbox 195 625 203 641; x_wconf 72' lang='lat'><em>,</em></span> <span class='ocrx_word' id='word_1_13' title='bbox 315 585 441 630; x_wconf 66' lang='lat' dir='ltr'><strong><em>mentm.</em></strong></span> <span class='ocrx_word' id='word_1_14' title='bbox 474 573 592 626; x_wconf 74' lang='lat' dir='ltr'><strong><em>teminl.</em></strong></span> <span class='ocrx_word' id='word_1_15' title='bbox 608 570 642 634; x_wconf 93' lang='grc'><strong><em>7,</em></strong></span> <span class='ocrx_word' id='word_1_16' title='bbox 661 570 712 638; x_wconf 85' lang='grc'><strong><em>44,</em></strong></span> <span class='ocrx_word' id='word_1_17' title='bbox 730 571 755 624; x_wconf 79' lang='grc'><strong><em>1.</em></strong></span> <span class='ocrx_word' id='word_1_18' title='bbox 773 577 851 627; x_wconf 83' lang='lat' dir='ltr'><strong><em>euius</em></strong></span> <span class='ocrx_word' id='word_1_19' title='bbox 872 571 963 626; x_wconf 75' lang='lat' dir='ltr'><strong><em>adhuc</em></strong></span> <span class='ocrx_word' id='word_1_20' title='bbox 980 571 1090 626; x_wconf 79' lang='lat' dir='ltr'><strong><em>vultum</em></strong></span> <span class='ocrx_word' id='word_1_21' title='bbox 1110 573 1210 630; x_wconf 81' lang='lat' dir='ltr'><strong><em>vivida</em></strong></span> <span class='ocrx_word' id='word_1_22' title='bbox 1232 596 1297 631; x_wconf 85' lang='lat' dir='ltr'><strong><em>cera</em></strong></span> 
     </span>
     <span class='ocr_line' id='line_1_4' title="bbox 314 661 982 727; baseline -0.012 -13"><span class='ocrx_word' id='word_1_23' title='bbox 314 671 397 716; x_wconf 79' lang='lat' dir='ltr'><strong><em>tenet.</em></strong></span> <span class='ocrx_word' id='word_1_24' title='bbox 413 661 433 711; x_wconf 90' lang='lat' dir='ltr'><strong><em>i.</em></strong></span> <span class='ocrx_word' id='word_1_25' title='bbox 450 677 474 710; x_wconf 91' lang='lat' dir='ltr'><strong><em>e.</em></strong></span> <span class='ocrx_word' id='word_1_26' title='bbox 491 667 688 727; x_wconf 82' lang='lat' dir='ltr'><strong><em>postmortem.</em></strong></span> <span class='ocrx_word' id='word_1_27' title='bbox 760 710 762 716; x_wconf 69' lang='grc'><strong>,</strong></span> <span class='ocrx_word' id='word_1_28' title='bbox 977 683 982 692; x_wconf 88' lang='grc'><em>·</em></span> 
     </span>
    </p>

    <p class='ocr_par' dir='ltr' id='par_1_4' title="bbox 314 735 1297 986">
     <span class='ocr_line' id='line_1_5' title="bbox 346 735 1297 816; baseline -0.002 -18"><span class='ocrx_word' id='word_1_29' title='bbox 346 743 433 798; x_wconf 74' lang='lat' dir='ltr'><strong><em>Tacit.</em></strong></span> <span class='ocrx_word' id='word_1_30' title='bbox 458 748 525 798; x_wconf 77' lang='lat' dir='ltr'><strong><em>nnn.</em></strong></span> <span class='ocrx_word' id='word_1_31' title='bbox 543 741 577 802; x_wconf 74' lang='lat'><strong><em>2,</em></strong></span> <span class='ocrx_word' id='word_1_32' title='bbox 597 740 641 795; x_wconf 76' lang='lat'><strong><em>26.</em></strong></span> <span class='ocrx_word' id='word_1_33' title='bbox 661 743 686 794; x_wconf 92' lang='lat' dir='ltr'><strong><em>si</em></strong></span> <span class='ocrx_word' id='word_1_34' title='bbox 701 735 787 810; x_wconf 79' lang='lat' dir='ltr'><strong><em>foret</em></strong></span> <span class='ocrx_word' id='word_1_35' title='bbox 810 739 902 795; x_wconf 81' lang='lat' dir='ltr'><strong><em>adbuc</em></strong></span> <span class='ocrx_word' id='word_1_36' title='bbox 924 737 1105 806; x_wconf 85' lang='lat' dir='ltr'><strong><em>bellandum,</em></strong></span> <span class='ocrx_word' id='word_1_37' title='bbox 1126 742 1297 816; x_wconf 84' lang='lat' dir='ltr'><strong><em>relinqueret</em></strong></span> 
     </span>
     <span class='ocr_line' id='line_1_6' title="bbox 314 821 1297 901; baseline -0.004 -17"><span class='ocrx_word' id='word_1_38' title='bbox 314 833 457 884; x_wconf 73' lang='lat' dir='ltr'><strong><em>materiem</em></strong></span> <span class='ocrx_word' id='word_1_39' title='bbox 482 829 567 882; x_wconf 88' lang='lat' dir='ltr'><strong><em>Drusi</em></strong></span> <span class='ocrx_word' id='word_1_40' title='bbox 578 821 685 897; x_wconf 80' lang='lat' dir='ltr'><strong><em>fratris</em></strong></span> <span class='ocrx_word' id='word_1_41' title='bbox 706 825 826 898; x_wconf 73' lang='lat' dir='ltr'><strong><em>gloriae.</em></strong></span> <span class='ocrx_word' id='word_1_42' title='bbox 859 829 965 885; x_wconf 77' lang='lat' dir='ltr'><strong><em>Petron.</em></strong></span> <span class='ocrx_word' id='word_1_43' title='bbox 982 827 1041 880; x_wconf 77' lang='lat'><strong><em>102.</em></strong></span> <span class='ocrx_word' id='word_1_44' title='bbox 1062 826 1154 880; x_wconf 71' lang='lat' dir='ltr'><strong><em>adhuc</em></strong></span> <span class='ocrx_word' id='word_1_45' title='bbox 1173 829 1297 901; x_wconf 75' lang='lat' dir='ltr'><em>aliquod</em></span> 
     </span>
     <span class='ocr_line' id='line_1_7' title="bbox 314 909 1296 986; baseline -0.003 -18"><span class='ocrx_word' id='word_1_46' title='bbox 314 920 368 972; x_wconf 85' lang='lat' dir='ltr'><strong><em>iter</em></strong></span> <span class='ocrx_word' id='word_1_47' title='bbox 385 913 485 968; x_wconf 82' lang='lat' dir='ltr'><strong><em>solutis</em></strong></span> <span class='ocrx_word' id='word_1_48' title='bbox 505 909 691 982; x_wconf 83' lang='lat' dir='ltr'><strong><em>quaerendum</em></strong></span> <span class='ocrx_word' id='word_1_49' title='bbox 715 921 766 964; x_wconf 87' lang='lat' dir='ltr'><strong><em>eet.</em></strong></span> <span class='ocrx_word' id='word_1_50' title='bbox 805 915 847 986; x_wconf 76' lang='lat' dir='ltr'><strong><em>lte</em></strong></span> <span class='ocrx_word' id='word_1_51' title='bbox 863 914 933 963; x_wconf 87' lang='lat' dir='ltr'><strong><em>enim</em></strong></span> <span class='ocrx_word' id='word_1_52' title='bbox 958 913 1113 980; x_wconf 80' lang='lat' dir='ltr'><strong><em>legendnm,</em></strong></span> <span class='ocrx_word' id='word_1_53' title='bbox 1139 926 1193 964; x_wconf 87' lang='lat' dir='ltr'><strong><em>non</em></strong></span> <span class='ocrx_word' id='word_1_54' title='bbox 1213 912 1296 966; x_wconf 84' lang='lat' dir='ltr'><strong><em>aliud</em></strong></span> 
     </span>
    </p>

    <p class='ocr_par' dir='ltr' id='par_1_5' title="bbox 277 994 1030 1073">
     <span class='ocr_line' id='line_1_8' title="bbox 277 994 1030 1073; baseline -0.004 -19"><span class='ocrx_word' id='word_1_55' title='bbox 277 994 280 1003; x_wconf 79' lang='grc'><strong>’</strong></span> <span class='ocrx_word' id='word_1_56' title='bbox 313 999 449 1073; x_wconf 70' lang='lat' dir='ltr'><strong><em>aliquod,</em></strong></span> <span class='ocrx_word' id='word_1_57' title='bbox 472 999 543 1068; x_wconf 85' lang='lat' dir='ltr'><strong><em>qnod</em></strong></span> <span class='ocrx_word' id='word_1_58' title='bbox 562 998 646 1066; x_wconf 81' lang='lat' dir='ltr'><strong><em>ipsum</em></strong></span> <span class='ocrx_word' id='word_1_59' title='bbox 663 1013 713 1066; x_wconf 87' lang='lat' dir='ltr'><strong><em>per</em></strong></span> <span class='ocrx_word' id='word_1_60' title='bbox 729 995 849 1068; x_wconf 82' lang='lat' dir='ltr'><strong><em>aliquod</em></strong></span> <span class='ocrx_word' id='word_1_61' title='bbox 867 996 1030 1064; x_wconf 76' lang='lat' dir='ltr'><strong>exprimitur.</strong></span> 
     </span>
    </p>
   </div>
   <div class='ocr_carea' id='block_1_4' title="bbox 212 1093 1297 2843">
    <p class='ocr_par' dir='ltr' id='par_1_6' title="bbox 245 1093 1297 1350">
     <span class='ocr_line' id='line_1_9' title="bbox 331 1093 1297 1186; baseline -0.008 -16"><span class='ocrx_word' id='word_1_62' title='bbox 331 1109 364 1170; x_wconf 83' lang='lat'><strong><em>8.</em></strong></span> <span class='ocrx_word' id='word_1_63' title='bbox 399 1103 506 1186; x_wconf 81' lang='lat' dir='ltr'><strong>Atque</strong></span> <span class='ocrx_word' id='word_1_64' title='bbox 528 1099 667 1186; x_wconf 88' lang='lat' dir='ltr'><strong><em>ponitur</em></strong></span> <span class='ocrx_word' id='word_1_65' title='bbox 690 1115 810 1165; x_wconf 79' lang='lat' dir='ltr'><strong><em>ADch</em></strong></span> <span class='ocrx_word' id='word_1_66' title='bbox 833 1095 878 1162; x_wconf 81' lang='lat' dir='ltr'><strong><em>de</em></strong></span> <span class='ocrx_word' id='word_1_67' title='bbox 905 1121 942 1162; x_wconf 85' lang='lat' dir='ltr'><strong><em>re</em></strong></span> <span class='ocrx_word' id='word_1_68' title='bbox 965 1093 1225 1178; x_wconf 67' lang='lat' dir='ltr'><strong><em>manufacta,</em></strong></span> <span class='ocrx_word' id='word_1_69' title='bbox 1264 1109 1297 1162; x_wconf 86' lang='lat' dir='ltr'><strong><em>et</em></strong></span> 
     </span>
     <span class='ocr_line' id='line_1_10' title="bbox 245 1183 1295 1292; baseline -0.01 -34"><span class='ocrx_word' id='word_1_70' title='bbox 245 1213 330 1292; x_wconf 78' lang='lat' dir='ltr'><strong><em>quae</em></strong></span> <span class='ocrx_word' id='word_1_71' title='bbox 345 1188 488 1274; x_wconf 80' lang='lat' dir='ltr'>aliquem</span> <span class='ocrx_word' id='word_1_72' title='bbox 504 1183 646 1248; x_wconf 90' lang='lat' dir='ltr'><strong><em>modum</em></strong></span> <span class='ocrx_word' id='word_1_73' title='bbox 666 1194 722 1247; x_wconf 80' lang='lat' dir='ltr'><strong><em>cut</em></strong></span> <span class='ocrx_word' id='word_1_74' title='bbox 738 1195 865 1248; x_wconf 86' lang='lat' dir='ltr'><strong><em>certum</em></strong></span> <span class='ocrx_word' id='word_1_75' title='bbox 880 1185 1064 1248; x_wconf 84' lang='lat' dir='ltr'><strong><em>terminum</em></strong></span> <span class='ocrx_word' id='word_1_76' title='bbox 1085 1205 1156 1246; x_wconf 90' lang='lat' dir='ltr'><strong><em>non</em></strong></span> <span class='ocrx_word' id='word_1_77' title='bbox 1173 1205 1295 1248; x_wconf 81' lang='lat' dir='ltr'><strong><em>exces-</em></strong></span> 
     </span>
     <span class='ocr_line' id='line_1_11' title="bbox 246 1269 978 1350; baseline -0.011 -7"><span class='ocrx_word' id='word_1_78' title='bbox 246 1289 297 1344; x_wconf 83' lang='lat' dir='ltr'><strong><em>ert.</em></strong></span> <span class='ocrx_word' id='word_1_79' title='bbox 341 1273 438 1338; x_wconf 87' lang='lat' dir='ltr'><strong><em>Tunc</em></strong></span> <span class='ocrx_word' id='word_1_80' title='bbox 450 1292 514 1335; x_wconf 89' lang='lat' dir='ltr'><strong><em>nos</em></strong></span> <span class='ocrx_word' id='word_1_81' title='bbox 533 1269 671 1334; x_wconf 75' lang='lat' dir='ltr'><strong>dicimus</strong></span> <span class='ocrx_word' id='word_1_82' title='bbox 686 1281 775 1350; x_wconf 82' lang='lat' dir='ltr'><strong><em>eret,</em></strong></span> <span class='ocrx_word' id='word_1_83' title='bbox 796 1271 883 1334; x_wconf 83' lang='lat' dir='ltr'><strong><em>nocb</em></strong></span> <span class='ocrx_word' id='word_1_84' title='bbox 898 1281 978 1335; x_wconf 83' lang='lat' dir='ltr'><strong><em>eret.</em></strong></span> 
     </span>
    </p>

    <p class='ocr_par' dir='ltr' id='par_1_7' title="bbox 309 1368 1296 1936">
     <span class='ocr_line' id='line_1_12' title="bbox 348 1368 1296 1442; baseline -0.001 -15"><span class='ocrx_word' id='word_1_85' title='bbox 348 1375 438 1428; x_wconf 78' lang='lat' dir='ltr'><strong><em>celsus</em></strong></span> <span class='ocrx_word' id='word_1_86' title='bbox 455 1369 488 1435; x_wconf 82' lang='lat'><strong><em>6,</em></strong></span> <span class='ocrx_word' id='word_1_87' title='bbox 501 1369 553 1435; x_wconf 73' lang='lat'><strong><em>25,</em></strong></span> <span class='ocrx_word' id='word_1_88' title='bbox 569 1369 613 1424; x_wconf 80' lang='lat'><strong><em>84.</em></strong></span> <span class='ocrx_word' id='word_1_89' title='bbox 631 1389 822 1442; x_wconf 79' lang='lat' dir='ltr'><strong><em>gangraencm</em></strong></span> <span class='ocrx_word' id='word_1_90' title='bbox 842 1389 926 1434; x_wconf 85' lang='lat' dir='ltr'><strong><em>vero,</em></strong></span> <span class='ocrx_word' id='word_1_91' title='bbox 951 1375 977 1427; x_wconf 89' lang='lat' dir='ltr'><strong><em>si</em></strong></span> <span class='ocrx_word' id='word_1_92' title='bbox 1001 1369 1125 1424; x_wconf 85' lang='lat' dir='ltr'><strong><em>nondum</em></strong></span> <span class='ocrx_word' id='word_1_93' title='bbox 1141 1368 1227 1442; x_wconf 85' lang='lat' dir='ltr'><strong><em>plane</em></strong></span> <span class='ocrx_word' id='word_1_94' title='bbox 1256 1382 1296 1426; x_wconf 91' lang='lat' dir='ltr'><strong><em>te·</em></strong></span> 
     </span>
     <span class='ocr_line' id='line_1_13' title="bbox 313 1449 1296 1528; baseline -0.004 -16"><span class='ocrx_word' id='word_1_95' title='bbox 313 1471 377 1522; x_wconf 80' lang='lat' dir='ltr'><strong><em>net,</em></strong></span> <span class='ocrx_word' id='word_1_96' title='bbox 395 1456 446 1511; x_wconf 82' lang='lat' dir='ltr'><strong><em>sed</em></strong></span> <span class='ocrx_word' id='word_1_97' title='bbox 463 1453 554 1509; x_wconf 82' lang='lat' dir='ltr'><strong><em>adbuc</em></strong></span> <span class='ocrx_word' id='word_1_98' title='bbox 570 1457 682 1528; x_wconf 75' lang='lat' dir='ltr'><strong><em>incipit,</em></strong></span> <span class='ocrx_word' id='word_1_99' title='bbox 702 1469 797 1508; x_wconf 81' lang='lat' dir='ltr'><strong><em>&#39;curere</em></strong></span> <span class='ocrx_word' id='word_1_100' title='bbox 815 1473 871 1507; x_wconf 89' lang='lat' dir='ltr'><strong><em>non</em></strong></span> <span class='ocrx_word' id='word_1_101' title='bbox 887 1449 1090 1528; x_wconf 79' lang='lat' dir='ltr'><strong><em>difficillimum</em></strong></span> <span class='ocrx_word' id='word_1_102' title='bbox 1108 1467 1157 1508; x_wconf 82' lang='lat' dir='ltr'><strong><em>est.</em></strong></span> <span class='ocrx_word' id='word_1_103' title='bbox 1177 1458 1296 1508; x_wconf 81' lang='lat' dir='ltr'><strong><em>Martiel.</em></strong></span> 
     </span>
     <span class='ocr_line' id='line_1_14' title="bbox 313 1537 1296 1614; baseline -0.003 -16"><span class='ocrx_word' id='word_1_104' title='bbox 313 1543 364 1611; x_wconf 76' lang='grc'><strong>18,</strong></span> <span class='ocrx_word' id='word_1_105' title='bbox 383 1543 442 1606; x_wconf 68' lang='grc'><strong>102.</strong></span> <span class='ocrx_word' id='word_1_106' title='bbox 458 1541 628 1612; x_wconf 76' lang='lat' dir='ltr'><strong><em>exspirantis</em></strong></span> <span class='ocrx_word' id='word_1_107' title='bbox 650 1537 743 1594; x_wconf 81' lang='lat' dir='ltr'><strong><em>adbuc</em></strong></span> <span class='ocrx_word' id='word_1_108' title='bbox 768 1537 885 1592; x_wconf 77' lang='lat' dir='ltr'><strong><em>scombri</em></strong></span> <span class='ocrx_word' id='word_1_109' title='bbox 905 1541 941 1594; x_wconf 84' lang='lat' dir='ltr'><strong><em>de</em></strong></span> <span class='ocrx_word' id='word_1_110' title='bbox 959 1543 1095 1614; x_wconf 83' lang='lat' dir='ltr'><strong><em>sanguine</em></strong></span> <span class='ocrx_word' id='word_1_111' title='bbox 1111 1542 1202 1612; x_wconf 88' lang='lat' dir='ltr'><strong><em>primo</em></strong></span> <span class='ocrx_word' id='word_1_112' title='bbox 1222 1545 1296 1595; x_wconf 85' lang='lat' dir='ltr'><strong><em>acci·</em></strong></span> 
     </span>
     <span class='ocr_line' id='line_1_15' title="bbox 309 1623 1295 1701; baseline 0.002 -22"><span class='ocrx_word' id='word_1_113' title='bbox 309 1647 347 1701; x_wconf 83' lang='lat' dir='ltr'><strong><em>pe</em></strong></span> <span class='ocrx_word' id='word_1_114' title='bbox 370 1655 404 1670; x_wconf 90' lang='lat'><em>-</em></span> <span class='ocrx_word' id='word_1_115' title='bbox 425 1645 533 1698; x_wconf 78' lang='lat' dir='ltr'><strong><em>garum.</em></strong></span> <span class='ocrx_word' id='word_1_116' title='bbox 562 1627 581 1678; x_wconf 85' lang='lat' dir='ltr'><strong><em>i.</em></strong></span> <span class='ocrx_word' id='word_1_117' title='bbox 601 1645 625 1679; x_wconf 90' lang='lat' dir='ltr'><strong><em>e.</em></strong></span> <span class='ocrx_word' id='word_1_118' title='bbox 643 1623 689 1694; x_wconf 89' lang='lat' dir='ltr'><strong><em>qni</em></strong></span> <span class='ocrx_word' id='word_1_119' title='bbox 715 1625 865 1695; x_wconf 81' lang='lat' dir='ltr'><strong><em>exepirnndi</em></strong></span> <span class='ocrx_word' id='word_1_120' title='bbox 890 1627 1071 1678; x_wconf 86' lang='lat' dir='ltr'><strong><em>conditionem</em></strong></span> <span class='ocrx_word' id='word_1_121' title='bbox 1098 1643 1151 1677; x_wconf 89' lang='lat' dir='ltr'><strong><em>non</em></strong></span> <span class='ocrx_word' id='word_1_122' title='bbox 1169 1629 1295 1682; x_wconf 79' lang='lat' dir='ltr'>excessit.</span> 
     </span>
     <span class='ocr_line' id='line_1_16' title="bbox 313 1707 1294 1784; baseline 0 -18"><span class='ocrx_word' id='word_1_123' title='bbox 313 1715 403 1766; x_wconf 78' lang='lat' dir='ltr'><strong><em>valer.</em></strong></span> <span class='ocrx_word' id='word_1_124' title='bbox 421 1713 465 1766; x_wconf 74' lang='grc' dir='ltr'><strong>ΡΙ.</strong></span> <span class='ocrx_word' id='word_1_125' title='bbox 482 1709 593 1778; x_wconf 76' lang='lat' dir='ltr'><strong><em>8,1et.</em></strong></span> <span class='ocrx_word' id='word_1_126' title='bbox 613 1707 674 1765; x_wconf 86' lang='lat' dir='ltr'><strong><em>ibat</em></strong></span> <span class='ocrx_word' id='word_1_127' title='bbox 695 1711 788 1763; x_wconf 81' lang='lat' dir='ltr'><strong><em>adhuc</em></strong></span> <span class='ocrx_word' id='word_1_128' title='bbox 812 1721 916 1782; x_wconf 85' lang='lat' dir='ltr'><strong><em>aptans</em></strong></span> <span class='ocrx_word' id='word_1_129' title='bbox 934 1711 1054 1765; x_wconf 83' lang='lat' dir='ltr'><strong><em>lrumeris</em></strong></span> <span class='ocrx_word' id='word_1_130' title='bbox 1072 1714 1214 1784; x_wconf 79' lang='lat' dir='ltr'><strong><em>capitique</em></strong></span> <span class='ocrx_word' id='word_1_131' title='bbox 1234 1712 1294 1768; x_wconf 87' lang='lat' dir='ltr'><strong><em>leo-</em></strong></span> 
     </span>
     <span class='ocr_line' id='line_1_17' title="bbox 312 1791 1295 1867; baseline 0 -17"><span class='ocrx_word' id='word_1_132' title='bbox 312 1805 384 1854; x_wconf 83' lang='lat' dir='ltr'><strong><em>rier&#39;n.</em></strong></span> <span class='ocrx_word' id='word_1_133' title='bbox 418 1791 446 1848; x_wconf 84' lang='lat' dir='ltr'><strong><em>i.&#39;</em></strong></span> <span class='ocrx_word' id='word_1_134' title='bbox 463 1811 489 1854; x_wconf 92' lang='lat' dir='ltr'><strong><em>e.</em></strong></span> <span class='ocrx_word' id='word_1_135' title='bbox 520 1815 575 1849; x_wconf 88' lang='lat' dir='ltr'><strong><em>non</em></strong></span> <span class='ocrx_word' id='word_1_136' title='bbox 599 1797 669 1866; x_wconf 78' lang='lat' dir='ltr'><strong><em>pelle</em></strong></span> <span class='ocrx_word' id='word_1_137' title='bbox 697 1797 750 1847; x_wconf 80' lang='lat' dir='ltr'><strong><em>iem</em></strong></span> <span class='ocrx_word' id='word_1_138' title='bbox 774 1795 897 1863; x_wconf 79' lang='lat' dir='ltr'><strong><em>indutus,</em></strong></span> <span class='ocrx_word' id='word_1_139' title='bbox 921 1795 969 1849; x_wconf 78' lang='lat' dir='ltr'><strong><em>sed</em></strong></span> <span class='ocrx_word' id='word_1_140' title='bbox 993 1795 1055 1848; x_wconf 77' lang='lat' dir='ltr'><strong><em>dnm</em></strong></span> <span class='ocrx_word' id='word_1_141' title='bbox 1080 1807 1155 1867; x_wconf 77' lang='lat' dir='ltr'><strong><em>aptet</em></strong></span> <span class='ocrx_word' id='word_1_142' title='bbox 1182 1815 1239 1850; x_wconf 81' lang='lat' dir='ltr'><strong><em>eam</em></strong></span> <span class='ocrx_word' id='word_1_143' title='bbox 1267 1811 1295 1850; x_wconf 90' lang='lat' dir='ltr'><strong><em>et</em></strong></span> 
     </span>
     <span class='ocr_line' id='line_1_18' title="bbox 310 1885 519 1936; baseline -0.014 0"><span class='ocrx_word' id='word_1_144' title='bbox 310 1885 407 1936; x_wconf 88' lang='lat' dir='ltr'><strong><em>induit.</em></strong></span> <span class='ocrx_word' id='word_1_145' title='bbox 517 1886 519 1895; x_wconf 93' lang='lat'>&#39;</span> 
     </span>
    </p>

    <p class='ocr_par' dir='ltr' id='par_1_8' title="bbox 212 1978 1295 2244">
     <span class='ocr_line' id='line_1_19' title="bbox 325 1978 1295 2072; baseline 0 -22"><span class='ocrx_word' id='word_1_146' title='bbox 325 1989 358 2054; x_wconf 84' lang='lat'><strong><em>9.</em></strong></span> <span class='ocrx_word' id='word_1_147' title='bbox 379 1981 417 2048; x_wconf 92' lang='lat' dir='ltr'><strong><em>In</em></strong></span> <span class='ocrx_word' id='word_1_148' title='bbox 432 1978 498 2048; x_wconf 85' lang='lat' dir='ltr'><strong><em>hoc</em></strong></span> <span class='ocrx_word' id='word_1_149' title='bbox 512 2003 576 2050; x_wconf 56' lang='lat' dir='ltr'><strong><em>‘unu</em></strong></span> <span class='ocrx_word' id='word_1_150' title='bbox 591 1979 770 2072; x_wconf 80' lang='lat' dir='ltr'><strong><em>particulae</em></strong></span> <span class='ocrx_word' id='word_1_151' title='bbox 788 1983 896 2072; x_wconf 83' lang='lat' dir='ltr'><strong><em>pergit</em></strong></span> <span class='ocrx_word' id='word_1_152' title='bbox 913 1983 1021 2056; x_wconf 81' lang='lat' dir='ltr'><strong><em>oratio</em></strong></span> <span class='ocrx_word' id='word_1_153' title='bbox 1040 2004 1102 2072; x_wconf 87' lang='lat' dir='ltr'><strong><em>per</em></strong></span> <span class='ocrx_word' id='word_1_154' title='bbox 1117 1982 1244 2050; x_wconf 82' lang='lat' dir='ltr'><strong><em>deinde</em></strong></span> <span class='ocrx_word' id='word_1_155' title='bbox 1261 1997 1295 2050; x_wconf 88' lang='lat' dir='ltr'><strong><em>et</em></strong></span> 
     </span>
     <span class='ocr_line' id='line_1_20' title="bbox 244 2067 1290 2169; baseline -0.001 -33"><span class='ocrx_word' id='word_1_156' title='bbox 244 2069 451 2158; x_wconf 77' lang='lat' dir='ltr'><strong><em>aliqnando,</em></strong></span> <span class='ocrx_word' id='word_1_157' title='bbox 474 2079 505 2135; x_wconf 87' lang='lat' dir='ltr'><strong><em>et</em></strong></span> <span class='ocrx_word' id='word_1_158' title='bbox 530 2071 716 2169; x_wconf 84' lang='lat' dir='ltr'><strong><em>opponitur</em></strong></span> <span class='ocrx_word' id='word_1_159' title='bbox 739 2081 872 2158; x_wconf 80' lang='lat' dir='ltr'><strong><em>tempus</em></strong></span> <span class='ocrx_word' id='word_1_160' title='bbox 896 2071 1114 2156; x_wconf 81' lang='lat' dir='ltr'><strong><em>praeteritum</em></strong></span> <span class='ocrx_word' id='word_1_161' title='bbox 1135 2093 1173 2152; x_wconf 82' lang='lat' dir='ltr'><strong><em>ac</em></strong></span> <span class='ocrx_word' id='word_1_162' title='bbox 1199 2067 1290 2136; x_wconf 81' lang='lat' dir='ltr'><strong><em>futu-</em></strong></span> 
     </span>
     <span class='ocr_line' id='line_1_21' title="bbox 212 2153 1294 2244; baseline 0 -24"><span class='ocrx_word' id='word_1_163' title='bbox 212 2167 217 2177; x_wconf 89' lang='lat'><strong><em>‘</em></strong></span> <span class='ocrx_word' id='word_1_164' title='bbox 242 2179 320 2232; x_wconf 76' lang='lat' dir='ltr'><strong><em>rum</em></strong></span> <span class='ocrx_word' id='word_1_165' title='bbox 337 2157 400 2238; x_wconf 75' lang='lat' dir='ltr'><strong><em>itu,</em></strong></span> <span class='ocrx_word' id='word_1_166' title='bbox 427 2165 464 2234; x_wconf 80' lang='lat' dir='ltr'><strong><em>ut</em></strong></span> <span class='ocrx_word' id='word_1_167' title='bbox 479 2153 551 2220; x_wconf 86' lang='lat' dir='ltr'><strong><em>fere</em></strong></span> <span class='ocrx_word' id='word_1_168' title='bbox 572 2155 663 2225; x_wconf 75' lang='lat' dir='ltr'><strong><em>ntem</em></strong></span> <span class='ocrx_word' id='word_1_169' title='bbox 683 2158 727 2222; x_wconf 85' lang='lat' dir='ltr'><strong><em>sit</em></strong></span> <span class='ocrx_word' id='word_1_170' title='bbox 742 2155 835 2244; x_wconf 87' lang='lat' dir='ltr'><strong><em>quod</em></strong></span> <span class='ocrx_word' id='word_1_171' title='bbox 856 2177 965 2240; x_wconf 88' lang='lat' dir='ltr'><strong><em>nuno,</em></strong></span> <span class='ocrx_word' id='word_1_172' title='bbox 993 2175 1051 2222; x_wconf 77' lang='lat' dir='ltr'><strong><em>vor</em></strong></span> <span class='ocrx_word' id='word_1_173' title='bbox 1071 2153 1172 2238; x_wconf 78' lang='lat' dir='ltr'><strong><em>ietzt,</em></strong></span> <span class='ocrx_word' id='word_1_174' title='bbox 1206 2158 1294 2221; x_wconf 77' lang='lat' dir='ltr'><strong><em>noclr</em></strong></span> 
     </span>
    </p>

    <p class='ocr_par' dir='ltr' id='par_1_9' title="bbox 231 2242 1293 2672">
     <span class='ocr_line' id='line_1_22' title="bbox 236 2242 758 2330; baseline -0.002 -18"><span class='ocrx_word' id='word_1_175' title='bbox 236 2242 333 2324; x_wconf 72' lang='lat' dir='ltr'><strong><em>jeta.</em></strong></span> <span class='ocrx_word' id='word_1_176' title='bbox 567 2263 568 2268; x_wconf 43' lang='lat'>¹</span> <span class='ocrx_word' id='word_1_177' title='bbox 757 2325 758 2330; x_wconf 8' lang='grc' dir='ltr'><strong><em>Ν</em></strong></span> 
     </span>
     <span class='ocr_line' id='line_1_23' title="bbox 231 2312 1293 2418; baseline 0 -22"><span class='ocrx_word' id='word_1_178' title='bbox 231 2312 235 2332; x_wconf 49' lang='grc'>’</span> <span class='ocrx_word' id='word_1_179' title='bbox 343 2347 451 2396; x_wconf 83' lang='lat' dir='ltr'><strong><em>Sueten.</em></strong></span> <span class='ocrx_word' id='word_1_180' title='bbox 467 2341 522 2394; x_wconf 85' lang='lat' dir='ltr'><strong><em>Tit.</em></strong></span> <span class='ocrx_word' id='word_1_181' title='bbox 541 2339 584 2394; x_wconf 83' lang='lat'><strong><em>11.</em></strong></span> <span class='ocrx_word' id='word_1_182' title='bbox 602 2353 734 2408; x_wconf 81' lang='lat' dir='ltr'><strong><em>senatus,</em></strong></span> <span class='ocrx_word' id='word_1_183' title='bbox 752 2345 917 2418; x_wconf 85' lang='lat' dir='ltr'><strong><em>prinsquam</em></strong></span> <span class='ocrx_word' id='word_1_184' title='bbox 931 2342 1023 2399; x_wconf 83' lang='lat' dir='ltr'><strong><em>edicto</em></strong></span> <span class='ocrx_word' id='word_1_185' title='bbox 1038 2343 1293 2404; x_wconf 84' lang='lat' dir='ltr'><strong><em>conuocaretur,ad</em></strong></span> 
     </span>
     <span class='ocr_line' id='line_1_24' title="bbox 309 2425 1293 2501; baseline -0.004 -17"><span class='ocrx_word' id='word_1_186' title='bbox 309 2434 413 2490; x_wconf 78' lang='lat' dir='ltr'><strong><em>curiam</em></strong></span> <span class='ocrx_word' id='word_1_187' title='bbox 430 2430 582 2491; x_wconf 74' lang='lat' dir='ltr'><strong><em>concurrit,</em></strong></span> <span class='ocrx_word' id='word_1_188' title='bbox 602 2426 791 2501; x_wconf 75' lang='lat' dir='ltr'><strong><em>obseratisque</em></strong></span> <span class='ocrx_word' id='word_1_189' title='bbox 809 2430 903 2484; x_wconf 82' lang='lat' dir='ltr'><strong><em>adbuc</em></strong></span> <span class='ocrx_word' id='word_1_190' title='bbox 918 2425 1048 2499; x_wconf 74' lang='lat' dir='ltr'><strong><em>foribus,</em></strong></span> <span class='ocrx_word' id='word_1_191' title='bbox 1066 2427 1166 2482; x_wconf 82' lang='lat' dir='ltr'><strong><em>deinde</em></strong></span> <span class='ocrx_word' id='word_1_192' title='bbox 1185 2431 1293 2498; x_wconf 85' lang='lat' dir='ltr'><strong><em>apertis</em></strong></span> 
     </span>
     <span class='ocr_line' id='line_1_25' title="bbox 309 2500 1292 2584; baseline -0.003 -18"><span class='ocrx_word' id='word_1_193' title='bbox 309 2501 405 2571; x_wconf 65' lang='lat' dir='ltr'><strong><em>tuntum</em></strong></span> <span class='ocrx_word' id='word_1_194' title='bbox 421 2522 530 2564; x_wconf 89' lang='lat' dir='ltr'><strong><em>mortuo</em></strong></span> <span class='ocrx_word' id='word_1_195' title='bbox 543 2515 653 2582; x_wconf 79' lang='lat' dir='ltr'><strong><em>gratias</em></strong></span> <span class='ocrx_word' id='word_1_196' title='bbox 665 2517 732 2584; x_wconf 80' lang='lat' dir='ltr'><strong><em>egit.</em></strong></span> <span class='ocrx_word' id='word_1_197' title='bbox 754 2513 783 2564; x_wconf 90' lang='lat' dir='ltr'><strong><em>in</em></strong></span> <span class='ocrx_word' id='word_1_198' title='bbox 800 2517 894 2582; x_wconf 86' lang='lat' dir='ltr'><strong><em>quibus</em></strong></span> <span class='ocrx_word' id='word_1_199' title='bbox 911 2500 1211 2582; x_wconf 82' lang='lat' dir='ltr'><strong><em>Baumgerten-Crusius</em></strong></span> <span class='ocrx_word' id='word_1_200' title='bbox 1230 2521 1292 2564; x_wconf 88' lang='lat' dir='ltr'><strong><em>mn&#39;-</em></strong></span> 
     </span>
     <span class='ocr_line' id='line_1_26' title="bbox 247 2595 1293 2672; baseline 0.001 -22"><span class='ocrx_word' id='word_1_201' title='bbox 247 2657 251 2666; x_wconf 35' lang='lat'>¹</span> <span class='ocrx_word' id='word_1_202' title='bbox 308 2600 375 2652; x_wconf 79' lang='lat' dir='ltr'><strong><em>tevit</em></strong></span> <span class='ocrx_word' id='word_1_203' title='bbox 393 2595 631 2666; x_wconf 84' lang='lat' dir='ltr'><strong><em>interpunctionem</em></strong></span> <span class='ocrx_word' id='word_1_204' title='bbox 648 2607 675 2648; x_wconf 90' lang='lat' dir='ltr'><strong><em>et</em></strong></span> <span class='ocrx_word' id='word_1_205' title='bbox 691 2597 810 2666; x_wconf 82' lang='lat' dir='ltr'><strong><em>peiorem</em></strong></span> <span class='ocrx_word' id='word_1_206' title='bbox 828 2599 945 2652; x_wconf 82' lang='lat' dir='ltr'><strong><em>restitnit</em></strong></span> <span class='ocrx_word' id='word_1_207' title='bbox 960 2611 1022 2669; x_wconf 81' lang='lat' dir='ltr'><strong><em>post</em></strong></span> <span class='ocrx_word' id='word_1_208' title='bbox 1033 2595 1160 2672; x_wconf 83' lang='lat' dir='ltr'><strong><em>foribus.</em></strong></span> <span class='ocrx_word' id='word_1_209' title='bbox 1186 2600 1241 2651; x_wconf 88' lang='lat' dir='ltr'><strong><em>Cic.</em></strong></span> <span class='ocrx_word' id='word_1_210' title='bbox 1258 2601 1293 2652; x_wconf 84' lang='lat' dir='ltr'><strong><em>de</em></strong></span> 
     </span>
    </p>

    <p class='ocr_par' dir='ltr' id='par_1_10' title="bbox 308 2678 1293 2755">
     <span class='ocr_line' id='line_1_27' title="bbox 308 2678 1293 2755; baseline 0.001 -21"><span class='ocrx_word' id='word_1_211' title='bbox 308 2687 383 2736; x_wconf 81' lang='lat' dir='ltr'><strong><em>Orat.</em></strong></span> <span class='ocrx_word' id='word_1_212' title='bbox 402 2682 435 2752; x_wconf 85' lang='lat'><strong><em>1,</em></strong></span> <span class='ocrx_word' id='word_1_213' title='bbox 454 2681 504 2744; x_wconf 86' lang='lat'><strong><em>58,</em></strong></span> <span class='ocrx_word' id='word_1_214' title='bbox 524 2678 585 2736; x_wconf 76' lang='lat'><strong><em>246.</em></strong></span> <span class='ocrx_word' id='word_1_215' title='bbox 612 2701 695 2754; x_wconf 87' lang='lat' dir='ltr'><strong><em>quam</em></strong></span> <span class='ocrx_word' id='word_1_216' title='bbox 716 2681 842 2755; x_wconf 70' lang='lat' dir='ltr'><strong><em>concedit</em></strong></span> <span class='ocrx_word' id='word_1_217' title='bbox 868 2683 959 2737; x_wconf 83' lang='lat' dir='ltr'><strong><em>adbuc</em></strong></span> <span class='ocrx_word' id='word_1_218' title='bbox 985 2696 1075 2739; x_wconf 86' lang='lat' dir='ltr'><strong><em>artem</em></strong></span> <span class='ocrx_word' id='word_1_219' title='bbox 1100 2688 1213 2740; x_wconf 88' lang='lat' dir='ltr'><strong><em>omnino</em></strong></span> <span class='ocrx_word' id='word_1_220' title='bbox 1234 2703 1293 2738; x_wconf 88' lang='lat' dir='ltr'><strong><em>non</em></strong></span> 
     </span>
    </p>

    <p class='ocr_par' dir='ltr' id='par_1_11' title="bbox 250 2765 1293 2843">
     <span class='ocr_line' id='line_1_28' title="bbox 250 2765 1293 2843; baseline 0.001 -21"><span class='ocrx_word' id='word_1_221' title='bbox 250 2774 256 2798; x_wconf 83' lang='lat'><strong><em>¹</em></strong></span> <span class='ocrx_word' id='word_1_222' title='bbox 308 2769 384 2832; x_wconf 77' lang='lat' dir='ltr'><strong><em>esse,</em></strong></span> <span class='ocrx_word' id='word_1_223' title='bbox 400 2767 450 2821; x_wconf 87' lang='lat' dir='ltr'><strong><em>scd</em></strong></span> <span class='ocrx_word' id='word_1_224' title='bbox 466 2765 632 2841; x_wconf 82' lang='lat' dir='ltr'><strong><em>aliquando.</em></strong></span> <span class='ocrx_word' id='word_1_225' title='bbox 673 2767 759 2822; x_wconf 81' lang='lat' dir='ltr'><strong><em>Tacit.</em></strong></span> <span class='ocrx_word' id='word_1_226' title='bbox 781 2771 850 2820; x_wconf 82' lang='lat' dir='ltr'><strong><em>Ann.</em></strong></span> <span class='ocrx_word' id='word_1_227' title='bbox 867 2768 918 2836; x_wconf 85' lang='lat'><strong><em>11,</em></strong></span> <span class='ocrx_word' id='word_1_228' title='bbox 936 2767 980 2824; x_wconf 72' lang='grc'><strong>21.</strong></span> <span class='ocrx_word' id='word_1_229' title='bbox 1005 2767 1149 2843; x_wconf 84' lang='lat' dir='ltr'><strong><em>suffecisse</em></strong></span> <span class='ocrx_word' id='word_1_230' title='bbox 1163 2769 1233 2824; x_wconf 91' lang='lat' dir='ltr'><strong><em>olim</em></strong></span> <span class='ocrx_word' id='word_1_231' title='bbox 1251 2775 1293 2826; x_wconf 88' lang='lat' dir='ltr'><strong><em>in·</em></strong></span> 
     </span>
    </p>
   </div>
   <div class='ocr_carea' id='block_1_5' title="bbox 308 2851 1384 2930">
    <p class='ocr_par' dir='ltr' id='par_1_12' title="bbox 308 2851 1384 2930">
     <span class='ocr_line' id='line_1_29' title="bbox 308 2851 1384 2930; baseline 0.006 -25"><span class='ocrx_word' id='word_1_232' title='bbox 308 2851 424 2926; x_wconf 76' lang='lat' dir='ltr'><strong><em>digenas</em></strong></span> <span class='ocrx_word' id='word_1_233' title='bbox 456 2851 666 2924; x_wconf 61' lang='lat' dir='ltr'><strong><em>consanguineis</em></strong></span> <span class='ocrx_word' id='word_1_234' title='bbox 701 2853 818 2925; x_wconf 84' lang='lat' dir='ltr'><strong><em>populis</em></strong></span> <span class='ocrx_word' id='word_1_235' title='bbox 837 2881 888 2906; x_wconf 97' lang='lat'><strong><em>-.</em></strong></span> <span class='ocrx_word' id='word_1_236' title='bbox 921 2854 998 2930; x_wconf 72' lang='lat' dir='ltr'><strong><em>Quin</em></strong></span> <span class='ocrx_word' id='word_1_237' title='bbox 1027 2855 1119 2910; x_wconf 84' lang='lat' dir='ltr'><strong><em>cdlruc</em></strong></span> <span class='ocrx_word' id='word_1_238' title='bbox 1145 2861 1293 2910; x_wconf 87' lang='lat' dir='ltr'><strong><em>memorari</em></strong></span> <span class='ocrx_word' id='word_1_239' title='bbox 1383 2855 1384 2860; x_wconf 66' lang='grc'>’</span> 
     </span>
    </p>
   </div>
   <div class='ocr_carea' id='block_1_6' title="bbox 272 2935 1293 3182">
    <p class='ocr_par' dir='ltr' id='par_1_13' title="bbox 272 2935 1293 3182">
     <span class='ocr_line' id='line_1_30' title="bbox 307 2935 1292 3014; baseline 0 -20"><span class='ocrx_word' id='word_1_240' title='bbox 307 2935 454 3007; x_wconf 75' lang='lat' dir='ltr'><strong><em>exemplo,</em></strong></span> <span class='ocrx_word' id='word_1_241' title='bbox 472 2955 543 3011; x_wconf 87' lang='lat' dir='ltr'><strong><em>quac</em></strong></span> <span class='ocrx_word' id='word_1_242' title='bbox 561 2941 663 3010; x_wconf 83' lang='lat' dir='ltr'><strong><em>priscis</em></strong></span> <span class='ocrx_word' id='word_1_243' title='bbox 679 2935 802 2993; x_wconf 85' lang='lat' dir='ltr'><strong><em>moribus</em></strong></span> <span class='ocrx_word' id='word_1_244' title='bbox 825 2938 865 2991; x_wconf 84' lang='lat' dir='ltr'><strong><em>nd</em></strong></span> <span class='ocrx_word' id='word_1_245' title='bbox 889 2944 1020 2996; x_wconf 82' lang='lat' dir='ltr'><strong><em>virtutem</em></strong></span> <span class='ocrx_word' id='word_1_246' title='bbox 1045 2951 1073 2996; x_wconf 87' lang='lat' dir='ltr'><strong><em>et</em></strong></span> <span class='ocrx_word' id='word_1_247' title='bbox 1098 2939 1221 3014; x_wconf 80' lang='lat' dir='ltr'><strong><em>&#39;gloriam</em></strong></span> <span class='ocrx_word' id='word_1_248' title='bbox 1246 2961 1292 2994; x_wconf 88' lang='lat' dir='ltr'><strong><em>ro·</em></strong></span> 
     </span>
     <span class='ocr_line' id='line_1_31' title="bbox 306 3021 1293 3093; baseline 0.006 -18"><span class='ocrx_word' id='word_1_249' title='bbox 306 3041 391 3076; x_wconf 81' lang='lat' dir='ltr'><strong><em>mana</em></strong></span> <span class='ocrx_word' id='word_1_250' title='bbox 409 3022 519 3077; x_wconf 84' lang='lat' dir='ltr'><strong><em>indoles</em></strong></span> <span class='ocrx_word' id='word_1_251' title='bbox 535 3021 703 3093; x_wconf 77' lang='lat' dir='ltr'><strong><em>prodiderit.</em></strong></span> <span class='ocrx_word' id='word_1_252' title='bbox 737 3021 864 3085; x_wconf 84' lang='lat' dir='ltr'><strong><em>Quinctil.</em></strong></span> <span class='ocrx_word' id='word_1_253' title='bbox 891 3025 923 3086; x_wconf 80' lang='lat'><strong><em>2,</em></strong></span> <span class='ocrx_word' id='word_1_254' title='bbox 950 3022 985 3090; x_wconf 85' lang='lat'><strong><em>4,</em></strong></span> <span class='ocrx_word' id='word_1_255' title='bbox 1014 3025 1055 3078; x_wconf 78' lang='lat'><strong><em>14.</em></strong></span> <span class='ocrx_word' id='word_1_256' title='bbox 1074 3021 1193 3080; x_wconf 80' lang='lat' dir='ltr'><strong><em>laudm</em></strong></span> <span class='ocrx_word' id='word_1_257' title='bbox 1217 3025 1293 3082; x_wconf 82' lang='lat' dir='ltr'><strong><em>illud</em></strong></span> 
     </span>
     <span class='ocr_line' id='line_1_32' title="bbox 272 3107 1234 3182; baseline 0.005 -20"><span class='ocrx_word' id='word_1_258' title='bbox 272 3145 275 3152; x_wconf 82' lang='lat'><strong>·</strong></span> <span class='ocrx_word' id='word_1_259' title='bbox 303 3127 347 3163; x_wconf 83' lang='lat' dir='ltr'><strong><em>nte</em></strong></span> <span class='ocrx_word' id='word_1_260' title='bbox 363 3107 475 3161; x_wconf 76' lang='lat' dir='ltr'><strong><em>cdbuct</em></strong></span> <span class='ocrx_word' id='word_1_261' title='bbox 493 3116 638 3160; x_wconf 80' lang='lat' dir='ltr'><strong><em>venturum</em></strong></span> <span class='ocrx_word' id='word_1_262' title='bbox 656 3118 781 3176; x_wconf 80' lang='lat' dir='ltr'><strong><em>tempus,</em></strong></span> <span class='ocrx_word' id='word_1_263' title='bbox 800 3127 854 3180; x_wconf 91' lang='lat' dir='ltr'><strong><em>quo</em></strong></span> <span class='ocrx_word' id='word_1_264' title='bbox 873 3109 947 3164; x_wconf 80' lang='lat' dir='ltr'><strong><em>idem</em></strong></span> <span class='ocrx_word' id='word_1_265' title='bbox 962 3130 1018 3164; x_wconf 86' lang='lat' dir='ltr'><strong><em>non</em></strong></span> <span class='ocrx_word' id='word_1_266' title='bbox 1035 3115 1234 3182; x_wconf 76' lang='lat' dir='ltr'><strong><em>permitterem.</em></strong></span> 
     </span>
    </p>
   </div>
   <div class='ocr_carea' id='block_1_7' title="bbox 341 3205 1382 3302">
    <p class='ocr_par' dir='ltr' id='par_1_14' title="bbox 341 3205 1382 3302">
     <span class='ocr_line' id='line_1_33' title="bbox 341 3205 1382 3302; baseline 0.01 -43"><span class='ocrx_word' id='word_1_267' title='bbox 341 3209 468 3260; x_wconf 77' lang='lat' dir='ltr'><strong><em>Similiter</em></strong></span> <span class='ocrx_word' id='word_1_268' title='bbox 483 3205 588 3260; x_wconf 80' lang='lat' dir='ltr'><strong><em>Pleutne</em></strong></span> <span class='ocrx_word' id='word_1_269' title='bbox 606 3209 683 3260; x_wconf 83' lang='lat' dir='ltr'><strong><em>Gnrc.</em></strong></span> <span class='ocrx_word' id='word_1_270' title='bbox 701 3208 725 3274; x_wconf 90' lang='grc'><strong>1,</strong></span> <span class='ocrx_word' id='word_1_271' title='bbox 743 3210 770 3274; x_wconf 79' lang='lat'><strong><em>2,</em></strong></span> <span class='ocrx_word' id='word_1_272' title='bbox 787 3209 812 3262; x_wconf 89' lang='lat'><strong><em>9.</em></strong></span> <span class='ocrx_word' id='word_1_273' title='bbox 831 3212 881 3265; x_wconf 88' lang='lat' dir='ltr'><strong><em>sed</em></strong></span> <span class='ocrx_word' id='word_1_274' title='bbox 900 3232 983 3286; x_wconf 82' lang='lat' dir='ltr'><strong><em>quum</em></strong></span> <span class='ocrx_word' id='word_1_275' title='bbox 999 3214 1093 3268; x_wconf 81' lang='lat' dir='ltr'><strong><em>adbuc</em></strong></span> <span class='ocrx_word' id='word_1_276' title='bbox 1111 3233 1192 3282; x_wconf 84' lang='lat' dir='ltr'><strong><em>naso,</em></strong></span> <span class='ocrx_word' id='word_1_277' title='bbox 1207 3217 1288 3279; x_wconf 83' lang='lat' dir='ltr'><strong><em>odos,</em></strong></span> <span class='ocrx_word' id='word_1_278' title='bbox 1381 3235 1382 3302; x_wconf 39' lang='lat' dir='ltr'><strong><em>q</em></strong></span> 
     </span>
    </p>
   </div>
   <div class='ocr_carea' id='block_1_8' title="bbox 307 3291 1183 3374">
    <p class='ocr_par' dir='ltr' id='par_1_15' title="bbox 307 3291 1183 3374">
     <span class='ocr_line' id='line_1_34' title="bbox 307 3291 1183 3374; baseline 0.01 -29"><span class='ocrx_word' id='word_1_279' title='bbox 307 3291 477 3364; x_wconf 74' lang='lat' dir='ltr'><strong><em>obsequatur</em></strong></span> <span class='ocrx_word' id='word_1_280' title='bbox 493 3293 522 3347; x_wconf 81' lang='lat' dir='ltr'><strong><em>bs</em></strong></span> <span class='ocrx_word' id='word_1_281' title='bbox 539 3311 618 3357; x_wconf 85' lang='lat' dir='ltr'><strong><em>meo,</em></strong></span> <span class='ocrx_word' id='word_1_282' title='bbox 638 3293 676 3346; x_wconf 86' lang='lat' dir='ltr'><strong><em>da</em></strong></span> <span class='ocrx_word' id='word_1_283' title='bbox 690 3295 813 3348; x_wconf 82' lang='lat' dir='ltr'><strong><em>uicissim</em></strong></span> <span class='ocrx_word' id='word_1_284' title='bbox 833 3296 894 3352; x_wconf 81' lang='lat' dir='ltr'><strong><em>meo</em></strong></span> <span class='ocrx_word' id='word_1_285' title='bbox 913 3303 1022 3373; x_wconf 79' lang='lat' dir='ltr'><strong><em>gutturi</em></strong></span> <span class='ocrx_word' id='word_1_286' title='bbox 1037 3301 1183 3374; x_wconf 77' lang='lat' dir='ltr'><strong><em>gaudium.</em></strong></span> 
     </span>
    </p>
   </div>
   <div class='ocr_carea' id='block_1_9' title="bbox 305 3392 1381 3493">
    <p class='ocr_par' dir='ltr' id='par_1_16' title="bbox 305 3392 1381 3493">
     <span class='ocr_line' id='line_1_35' title="bbox 305 3392 1381 3493; baseline 0.012 -34"><span class='ocrx_word' id='word_1_287' title='bbox 305 3392 376 3460; x_wconf 63' lang='grc' dir='ltr'><strong><em>Ἰ10.</em></strong></span> <span class='ocrx_word' id='word_1_288' title='bbox 406 3395 555 3462; x_wconf 81' lang='lat' dir='ltr'><strong><em>Dicimus</em></strong></span> <span class='ocrx_word' id='word_1_289' title='bbox 583 3395 682 3462; x_wconf 81' lang='lat' dir='ltr'><strong><em>etiem</em></strong></span> <span class='ocrx_word' id='word_1_290' title='bbox 704 3419 777 3462; x_wconf 88' lang='lat' dir='ltr'><strong><em>rem</em></strong></span> <span class='ocrx_word' id='word_1_291' title='bbox 801 3397 913 3465; x_wconf 77' lang='lat' dir='ltr'><strong><em>ndlnrc</em></strong></span> <span class='ocrx_word' id='word_1_292' title='bbox 935 3399 1054 3468; x_wconf 78' lang='lat' dir='ltr'><strong><em>factem</em></strong></span> <span class='ocrx_word' id='word_1_293' title='bbox 1081 3425 1170 3486; x_wconf 81' lang='lat' dir='ltr'><strong><em>esse,</em></strong></span> <span class='ocrx_word' id='word_1_294' title='bbox 1204 3427 1290 3493; x_wconf 76' lang='lat' dir='ltr'><strong><em>qnae</em></strong></span> <span class='ocrx_word' id='word_1_295' title='bbox 1380 3435 1381 3454; x_wconf 71' lang='lat'>2</span> 
     </span>
    </p>
   </div>
   <div class='ocr_carea' id='block_1_10' title="bbox 237 3481 1289 3569">
    <p class='ocr_par' dir='ltr' id='par_1_17' title="bbox 237 3481 1289 3569">
     <span class='ocr_line' id='line_1_36' title="bbox 237 3481 1289 3569; baseline 0.009 -22"><span class='ocrx_word' id='word_1_296' title='bbox 237 3481 334 3548; x_wconf 77' lang='lat' dir='ltr'><strong><em>aliem</em></strong></span> <span class='ocrx_word' id='word_1_297' title='bbox 351 3503 423 3546; x_wconf 84' lang='lat' dir='ltr'><strong><em>rem</em></strong></span> <span class='ocrx_word' id='word_1_298' title='bbox 447 3483 634 3569; x_wconf 77' lang='lat' dir='ltr'><strong><em>praevertit.</em></strong></span> <span class='ocrx_word' id='word_1_299' title='bbox 678 3483 732 3547; x_wconf 88' lang='lat' dir='ltr'><strong><em>Sic</em></strong></span> <span class='ocrx_word' id='word_1_300' title='bbox 754 3507 817 3548; x_wconf 89' lang='lat' dir='ltr'><strong><em>nos</em></strong></span> <span class='ocrx_word' id='word_1_301' title='bbox 842 3507 881 3550; x_wconf 89' lang='lat' dir='ltr'><strong><em>er</em></strong></span> <span class='ocrx_word' id='word_1_302' title='bbox 902 3488 966 3552; x_wconf 77' lang='lat' dir='ltr'><strong><em>bnt</em></strong></span> <span class='ocrx_word' id='word_1_303' title='bbox 988 3490 1075 3553; x_wconf 76' lang='lat' dir='ltr'><strong><em>norb</em></strong></span> <span class='ocrx_word' id='word_1_304' title='bbox 1099 3489 1156 3554; x_wconf 85' lang='lat' dir='ltr'><strong><em>die</em></strong></span> <span class='ocrx_word' id='word_1_305' title='bbox 1181 3491 1289 3556; x_wconf 73' lang='lat' dir='ltr'><strong><em>Stant</em></strong></span> 
     </span>
    </p>
   </div>
   <div class='ocr_carea' id='block_1_11' title="bbox 236 3568 1295 3661">
    <p class='ocr_par' dir='ltr' id='par_1_18' title="bbox 236 3568 1380 3680">
     <span class='ocr_line' id='line_1_37' title="bbox 236 3568 1295 3661; baseline 0.01 -30"><span class='ocrx_word' id='word_1_306' title='bbox 236 3568 391 3645; x_wconf 81' lang='lat' dir='ltr'><strong><em>erreiclrt‚</em></strong></span> <span class='ocrx_word' id='word_1_307' title='bbox 411 3568 627 3658; x_wconf 79' lang='lat' dir='ltr'><strong><em>intelligentes</em></strong></span> <span class='ocrx_word' id='word_1_308' title='bbox 643 3579 738 3634; x_wconf 81' lang='lat' dir='ltr'><strong><em>antec</em></strong></span> <span class='ocrx_word' id='word_1_309' title='bbox 757 3571 823 3635; x_wconf 89' lang='lat' dir='ltr'><strong><em>hoc</em></strong></span> <span class='ocrx_word' id='word_1_310' title='bbox 841 3571 966 3642; x_wconf 81' lang='lat' dir='ltr'><strong><em>factum</em></strong></span> <span class='ocrx_word' id='word_1_311' title='bbox 983 3595 1063 3658; x_wconf 83' lang='lat' dir='ltr'><strong><em>esse,</em></strong></span> <span class='ocrx_word' id='word_1_312' title='bbox 1080 3597 1182 3661; x_wconf 82' lang='lat' dir='ltr'><strong><em>quem</em></strong></span> <span class='ocrx_word' id='word_1_313' title='bbox 1199 3577 1295 3642; x_wconf 81' lang='lat' dir='ltr'><strong><em>uliud·</em></strong></span> 
     </span>
    </p>
   </div>
   <div class='ocr_carea' id='block_1_12' title="bbox 236 3653 1292 3902">
    <p class='ocr_par' dir='ltr' id='par_1_19' title="bbox 236 3653 1292 3902">
     <span class='ocr_line' id='line_1_38' title="bbox 236 3653 498 3740; baseline -0.019 -16"><span class='ocrx_word' id='word_1_314' title='bbox 236 3653 314 3740; x_wconf 82' lang='lat' dir='ltr'><strong><em>quid</em></strong></span> <span class='ocrx_word' id='word_1_315' title='bbox 335 3654 498 3720; x_wconf 81' lang='lat' dir='ltr'><strong><em>occiderit.</em></strong></span> 
     </span>
     <span class='ocr_line' id='line_1_39' title="bbox 344 3753 1292 3832; baseline 0.013 -26"><span class='ocrx_word' id='word_1_316' title='bbox 344 3757 430 3808; x_wconf 75' lang='lat' dir='ltr'><strong><em>Tacit.</em></strong></span> <span class='ocrx_word' id='word_1_317' title='bbox 449 3759 517 3809; x_wconf 80' lang='lat' dir='ltr'><strong><em>Ann.</em></strong></span> <span class='ocrx_word' id='word_1_318' title='bbox 534 3754 568 3820; x_wconf 81' lang='grc'><strong><em>3,</em></strong></span> <span class='ocrx_word' id='word_1_319' title='bbox 586 3753 629 3810; x_wconf 72' lang='grc'><strong>41.</strong></span> <span class='ocrx_word' id='word_1_320' title='bbox 648 3758 871 3832; x_wconf 78' lang='lat' dir='ltr'><strong><em>praemissusque</em></strong></span> <span class='ocrx_word' id='word_1_321' title='bbox 888 3767 950 3813; x_wconf 86' lang='lat' dir='ltr'><strong><em>cunt</em></strong></span> <span class='ocrx_word' id='word_1_322' title='bbox 967 3759 1075 3816; x_wconf 83' lang='lat' dir='ltr'><strong><em>delecto</em></strong></span> <span class='ocrx_word' id='word_1_323' title='bbox 1091 3781 1177 3818; x_wconf 83' lang='lat' dir='ltr'><strong><em>manu</em></strong></span> <span class='ocrx_word' id='word_1_324' title='bbox 1196 3765 1292 3820; x_wconf 82' lang='lat' dir='ltr'><strong><em>lulius</em></strong></span> 
     </span>
     <span class='ocr_line' id='line_1_40' title="bbox 305 3839 1288 3902; baseline 0.009 -8"><span class='ocrx_word' id='word_1_325' title='bbox 305 3839 393 3894; x_wconf 79' lang='lat' dir='ltr'><strong><em>induc</em></strong></span> <span class='ocrx_word' id='word_1_326' title='bbox 407 3867 443 3882; x_wconf 90' lang='lat'><strong><em>-·</em></strong></span> <span class='ocrx_word' id='word_1_327' title='bbox 461 3840 632 3896; x_wconf 81' lang='lat' dir='ltr'><strong><em>inconditum</em></strong></span> <span class='ocrx_word' id='word_1_328' title='bbox 651 3843 859 3899; x_wconf 82' lang='lat' dir='ltr'><strong><em>multitudinem</em></strong></span> <span class='ocrx_word' id='word_1_329' title='bbox 882 3845 974 3899; x_wconf 79' lang='lat' dir='ltr'><strong><em>adbuc</em></strong></span> <span class='ocrx_word' id='word_1_330' title='bbox 999 3846 1117 3902; x_wconf 85' lang='lat' dir='ltr'><strong><em>disiecit.</em></strong></span> <span class='ocrx_word' id='word_1_331' title='bbox 1154 3867 1189 3900; x_wconf 85' lang='lat' dir='ltr'><strong><em>nc</em></strong></span> <span class='ocrx_word' id='word_1_332' title='bbox 1217 3869 1288 3902; x_wconf 89' lang='lat' dir='ltr'><strong><em>con-</em></strong></span> 
     </span>
    </p>
   </div>
   <div class='ocr_carea' id='block_1_13' title="bbox 248 3924 1378 4081">
    <p class='ocr_par' dir='ltr' id='par_1_20' title="bbox 248 3924 1378 4081">
     <span class='ocr_line' id='line_1_41' title="bbox 248 3924 1378 4001; baseline 0.016 -28"><span class='ocrx_word' id='word_1_333' title='bbox 248 3957 251 3965; x_wconf 70' lang='lat'><strong><em>.</em></strong></span> <span class='ocrx_word' id='word_1_334' title='bbox 300 3924 392 3991; x_wconf 77' lang='lat' dir='ltr'><strong><em>iungas</em></strong></span> <span class='ocrx_word' id='word_1_335' title='bbox 418 3926 592 3980; x_wconf 81' lang='lat' dir='ltr'><strong><em>inconditam</em></strong></span> <span class='ocrx_word' id='word_1_336' title='bbox 619 3926 726 3994; x_wconf 79' lang='lat' dir='ltr'><strong><em>adbuc,</em></strong></span> <span class='ocrx_word' id='word_1_337' title='bbox 756 3930 893 3998; x_wconf 76' lang='lat' dir='ltr'><strong><em>intellige,</em></strong></span> <span class='ocrx_word' id='word_1_338' title='bbox 923 3941 1063 4001; x_wconf 75' lang='lat' dir='ltr'><strong><em>antequem</em></strong></span> <span class='ocrx_word' id='word_1_339' title='bbox 1088 3935 1232 3988; x_wconf 86' lang='lat' dir='ltr'><strong><em>multitudo</em></strong></span> <span class='ocrx_word' id='word_1_340' title='bbox 1260 3958 1290 3990; x_wconf 83' lang='lat' dir='ltr'><strong><em>se</em></strong></span> <span class='ocrx_word' id='word_1_341' title='bbox 1376 3961 1378 3966; x_wconf 63' lang='grc'>’</span> 
     </span>
     <span class='ocr_line' id='line_1_42' title="bbox 282 4009 727 4081; baseline 0.016 -22"><span class='ocrx_word' id='word_1_342' title='bbox 282 4051 285 4058; x_wconf 77' lang='grc'><strong>,</strong></span> <span class='ocrx_word' id='word_1_343' title='bbox 300 4019 374 4064; x_wconf 85' lang='lat' dir='ltr'><strong><em>certo</em></strong></span> <span class='ocrx_word' id='word_1_344' title='bbox 393 4009 488 4063; x_wconf 85' lang='lat' dir='ltr'><strong><em>ordine</em></strong></span> <span class='ocrx_word' id='word_1_345' title='bbox 505 4013 727 4081; x_wconf 75' lang='lat' dir='ltr'><strong><em>congregavisset.</em></strong></span> 
     </span>
    </p>
   </div>
   <div class='ocr_carea' id='block_1_14' title="bbox 146 4071 1377 4222">
    <p class='ocr_par' dir='ltr' id='par_1_21' title="bbox 146 4071 1377 4222">
     <span class='ocr_line' id='line_1_43' title="bbox 146 4071 1377 4222; baseline 0.036 -56"><span class='ocrx_word' id='word_1_346' title='bbox 146 4071 148 4081; x_wconf 36' lang='lat'>¹</span> <span class='ocrx_word' id='word_1_347' title='bbox 202 4215 207 4222; x_wconf 29' lang='grc' dir='ltr'>Ι</span> <span class='ocrx_word' id='word_1_348' title='bbox 316 4113 368 4178; x_wconf 86' lang='grc'><strong><em>11.</em></strong></span> <span class='ocrx_word' id='word_1_349' title='bbox 390 4102 867 4200; x_wconf 78' lang='lat' dir='ltr'><strong><em>Etutnoeverbodennoclr,</em></strong></span> <span class='ocrx_word' id='word_1_350' title='bbox 892 4110 1299 4205; x_wconf 70' lang='lat' dir='ltr'><strong><em>quoden&#39;dcnnnoct..</em></strong></span> <span class='ocrx_word' id='word_1_351' title='bbox 1376 4153 1377 4158; x_wconf 77' lang='grc'>’</span> 
     </span>
    </p>
   </div>
   <div class='ocr_carea' id='block_1_15' title="bbox 0 0 1396 4746">
    <p class='ocr_par' dir='ltr' id='par_1_22' title="bbox 0 0 1396 4746">
     <span class='ocr_line' id='line_1_44' title="bbox 0 0 1396 4746; baseline 0 3"><span class='ocrx_word' id='word_1_352' title='bbox 0 0 1396 4746; x_wconf 95' lang='lat' dir='ltr'><strong><em> </em></strong></span> 
     </span>
    </p>
   </div>
  </div>
 </body>
</html>
