2784 4746
394 245 401 286 1

223 276 284 383 1so
642 313 802 395 auQvu.

221 472 363 559 Angelus
391 467 545 534 Caninius
570 477 603 533 et
625 466 690 533 loe.
715 468 877 556 Scaliger,
898 465 1059 553 significat
1084 489 1125 532 ex
1152 490 1271 556 cepio,

222 558 426 646 aequaliter,
450 564 482 618 et
498 553 586 618 idern
604 553 672 618 fere
688 564 755 635 est,
786 553 877 640 quod
891 555 1029 638 puriter
1045 563 1078 616 et
1090 554 1272 620 similiter.-

222 643 382 730 siquidem
413 662 475 738 pcr
504 639 701 704 vocabulum
720 641 859 726 puriter
890 639 1029 736 proprie
1061 639 1271 726 designamus

220 751 324 792 unum
340 727 487 814 plurium
501 747 614 789 rerum
630 747 808 789 naumurum
825 735 857 788 et
876 724 1055 804 ambitum,
1084 745 1146 811 per
1169 726 1271 790 simi-

211 815 388 879 literram
405 833 446 875 ex
464 820 559 896 parte
583 811 764 898 aequalem.
806 809 845 874 ln
863 832 967 896 aeqae
983 809 1181 897 intelligitur,
1192 813 1271 876 uni-

221 922 332 973 versa,
358 919 440 982 quae
457 895 569 960 eadem
587 896 710 960 duabus
725 894 823 960 rebus
841 893 1029 960 communis
1055 905 1121 969 est,
1152 898 1271 963 condi-

220 985 281 1048 tio.
308 983 425 1047 Cicero
442 1002 545 1066 quum
561 982 600 1046 de
615 980 712 1048 Olfic.
728 986 766 1062 2,
789 985 828 1061 8,
850 985 903 1047 80.
921 981 961 1044 de
980 980 1209 1046 benevolentia
1220 982 1271 1048 di-

218 1071 342 1150 xisset,
364 1091 407 1132 ea
422 1067 700 1153 nonpariter
721 1088 866 1132 omnes
884 1087 1040 1152 egenam,
1061 1067 1175 1152 paullo
1192 1079 1272 1156 post

221 1153 310 1234 addit
325 1155 451 1218 laonore
467 1163 500 1216 et
521 1152 697 1238 gloriaest
720 1151 949 1218 benevolentia
973 1151 1097 1216 ciuium
1113 1149 1272 1240 fortusse

184 1299 189 1310 ,
206 1239 304 1304 'nou
321 1259 457 1326 aeque
472 1259 616 1302 omnes
633 1248 745 1324 egent.
770 1238 907 1301 Sueton.
924 1237 1007 1322 Aug.
1029 1238 1082 1302 56.
1099 1248 1137 1301 ut
1152 1249 1271 1303 tamen

209 1325 302 1411 ‚pari
318 1323 391 1388 iure
407 1333 534 1400 essent,
566 1345 629 1409 qao
645 1323 752 1386 'ceteri
761 1370 770 1400 ,
788 1322 819 1386 le
846 1320 981 1409 ibasque
995 1321 1191 1388 iudiciariis
1209 1335 1270 1388 oe-

220 1432 282 1498 que
297 1417 502 1473 tenerentur.
545 1405 583 1471 In
601 1408 803 1474 aliis-autern
816 1345 907 1472 locis
933 1408 1041 1472 maior
1067 1409 1269 1494 aequalitatis

223 1496 269 1560 vis
286 1503 423 1582 apparet
439 1493 474 1558 in
490 1493 653 1559 vocabulo
670 1515 792 1580 aequm,
839 1493 907 1557 uod
924 1493 987 1580 ipsi
1005 1493 1107 1574 verbo
1119 1515 1194 1580 par
1209 1496 1269 1559 ad-

220 1579 322 1644 ditur.
346 1579 450 1644 Plaut.
466 1577 555 1642 Men.
583 1581 622 1660 5,
646 1583 685 1661 9,
716 1583 767 1644 60.
800 1516 847 1643 ld.
871 1579 1094 1653 careretis,
1124 1579 1195 1644 tua'
1221 1605 1270 1644 aa

127 1741 130 1750 Ι
220 1666 279 1730 ille
296 1661 435 1730 maior?
454 1663 701 1752 M.SV.aeqae
718 1661 818 1728 ambo
827 1686 947 1750 parea.
968 1700 1013 1716 --
1036 1665 1104 1728 Cic.
1122 1665 1163 1728 ad
1176 1665 1200 1730 F
1203 1689 1267 1729 arn.

220 1755 259 1826 9,
285 1757 342 1829 13,
365 1751 396 1814 4.
420 1772 489 1812 non
497 1771 639 1834 possiam
656 1772 720 1835 ego
734 1774 802 1814 non
825 1760 886 1812 out
897 1750 1054 1835 proxime
1076 1753 1177 1838 utque
1200 1751 1268 1831 ille,

220 1847 282 1901 aut
300 1837 406 1900 etiam
420 1857 525 1920 aequae
541 1834 711 1900 laborare.
721 1871 765 1884 -
781 1829 1018 1901 Graeoidicunt
1029 1837 1096 1900 laos
1111 1845 1143 1900 ct
1158 1834 1267 1913 αὔτως.

292 1960 336 2017 Ι1.
368 1952 625 2038 Componuntur
640 1953 740 2038 igitur
754 1951 820 2016 hoe
838 1952 942 2018 modo
959 1955 1201 2042 comparandae
1216 1978 1267 2020 res

222 2039 382 2126 aequales.
427 2037 538 2117 Quare
564 2039 766 2104 construitur
785 2055 902 2117 AEQvn
925 2061 1001 2102 curn
1025 2040 1268 2118 coniunctioni·

219 2126 281 2190 bus
309 2121 520 2212 copulatius,
545 2124 740 2211 praesertim
765 2145 847 2210 quae
871 2124 1129 2212 aequiparationi
1161 2124 1268 2191 inser-

218 2211 331 2287 viunt,
361 2219 412 2280 et,
445 2219 562 2296 atque,
601 2233 681 2298 que,
712 2231 755 2274 ac
784 2209 834 2285 ai,
867 2221 899 2276 et
922 2232 998 2274 oum
1021 2210 1267 2300 praepositione

219 2319 297 2360 cram
317 2294 405 2380 apud
422 2295 579 2367 comicos.
622 2295 675 2360 Ex
696 2292 822 2380 vulgari
845 2317 907 2360 usu
929 2295 1107 2383 scriptores
1132 2297 1267 2384 quidam

221 2381 308 2446 haud
326 2378 405 2442 mali
422 2391 637 2466 acceperunt,
652 2402 734 2467 quae
753 2382 907 2448 Ciceroni
921 2404 990 2445 non
1006 2383 1149 2468 placuit,
1170 2405 1267 2447 com·

218 2466 420 2566 positionem
436 2463 616 2530 verborum
634 2489 755 2554 qaram,
778 2479 832 2542 ut,
857 2488 959 2553 qaram
982 2477 1038 2550 at,
1063 2477 1160 2555 atque
1185 2466 1265 2534 adeo

219 2573 255 2616 1n
280 2548 540 2636 comparatione¹
557 2573 618 2638 per
649 2549 827 2614 ablativum
859 2573 1011 2638 expressa
1042 2563 1268 2641 apposuerunt

220 2658 336 2725 aeque.
379 2634 553 2699 Petronius
570 2635 631 2700 hac
648 2635 777 2700 ratione
793 2635 875 2700 dixit
887 2658 991 2724 aeque
1018 2674 1056 2688 -
1077 2650 1266 2727 tamquam.

330 2757 513 2816 Aecae—rr.
532 2753 585 2807 Cic.
602 2757 680 2810 Taso.
694 2756 728 2820 2,
749 2754 799 2822 25,
818 2753 860 2812 62.
880 2759 956 2812 cuias
972 2757 1112 2831 inprimis
1130 2757 1267 2814 laudabat

285 2835 361 2892 illud
369 2873 378 2900 ,
407 2837 484 2910 qaod
509 2840 613 2894 diceret
630 2841 742 2896 eosdem
769 2841 875 2898 labam
895 2845 952 2896 adn
972 2863 1030 2898 esse
1053 2862 1140 2918 aeque
1165 2864 1267 2918 graves

286 2925 451 2992 imperatori
466 2935 494 2978 et
509 2925 602 2982 militi.
619 2927 652 2980 de
672 2931 745 2980 Orat.
763 2927 797 2994 8,
818 2925 869 2991 50,
890 2926 949 2980 192.
965 2947 1060 2982 versus
1073 2949 1160 3002 aeque
1173 2935 1265 3002 prima

286 3009 315 3060 et
340 3007 432 3063 media
459 3020 487 3064 et
510 3021 632 3064 extrema
655 3029 722 3082 pars
738 3011 903 3067 attenditur.
920 3011 1016 3064 Pellad.
1035 3013 1067 3068 de
1084 3016 1123 3068 lle
1141 3034 1163 3070 r.
1185 3018 1221 3080 1,
1238 3015 1264 3082 6,
1370 3011 1371 3018 ¹

285 3090 310 3145 7Δ
331 3097 395 3147 viae
414 3093 526 3148 malitia
550 3114 636 3167 aeque
660 3109 687 3148 at
707 3095 852 3167 voluptati
874 3108 902 3151 et
927 3097 1047 3154 utilitati
1071 3100 1190 3156 adversa
1215 3111 1265 3156 est.

284 3177 339 3230 cie.
358 3177 399 3234 da,
411 3179 469 3230 Fla.
489 3177 520 3237 1.
538 3179 589 3242 20,
613 3175 656 3230 67.
696 3181 751 3234 nisi
775 3197 861 3251 aeqaae
879 3186 984 3236 anticos
1003 3191 1031 3236 at
1055 3199 1164 3240 nosmet
1185 3185 1264 3258 'ipsos

285 3261 457 3330 diligamasa
483 3261 528 3316 abi
563 3263 665 3316 librarii
697 3263 730 3316 de
765 3279 811 3318 aaa
828 3265 1041 3338 ¹cousuetudine
1059 3289 1093 3323 aa
1125 3270 1263 3340 dederont,

183 3392 185 3411 ,
283 3345 362 3397 sacua
378 3343 411 3407 4,
433 3343 484 3411 ae,
502 3345 543 3400 aa.
565 3349 616 3416 aa,
636 3346 677 3401 es.
694 3346 745 3416 aa,
763 3349 806 3401 aa.
818 3366 864 3430 pr.
881 3351 961 3406 aoso.
980 3355 1052 3406 com.
1081 3353 1113 3420 1,
1130 3353 1149 3408 a
1173 3339 1264 3430 ‘aequa

285 3431 357 3484 enim
377 3428 491 3498 tabulas
506 3435 722 3489 condemnantur
739 3436 805 3498 aias,
815 3439 964 3508 quiveram
975 3458 1028 3504 noa
1040 3438 1144 3502 retulit,
1159 3446 1261 3506 ateias,

284 3507 854 3589 quisalsumperscripsit'prMur.13,28.
864 3539 889 3590 p.
899 3523 998 3579 Clueut
1016 3523 1059 3590 69,
1079 3525 1138 3581 195.
1157 3529 1261 3598 leiaa.

283 3597 432 3668 inuig.a7‚
446 3599 494 3676 18,
515 3601 539 3666 1,
554 3601 580 3654 2.
599 3601 842 3673 oportebit'autem
860 3623 947 3678 aeque
965 3619 993 3660 et
1010 3611 1039 3662 in
1057 3608 1219 3682 effractores
1235 3625 1262 3668 et

285 3682 316 3735 in
341 3696 444 3738 ceteros
467 3689 689 3757 suprascriptos
711 3707 808 3742 caussa
827 3690 939 3762 cognita
956 3698 1060 3758 statui,
1078 3709 1163 3766 prora
1179 3701 1274 3753 anais·-

285 3784 347 3818 sum
355 3772 486 3840 suggerit.
506 3789 557 3822 aon
571 3773 722 3839 cohaerent,
740 3773 934 3827 atsteweehius
942 3775 1107 3846 existimavit,
1120 3783 1199 3834 verba
1217 3804 1261 3836 aa·

286 3865 339 3920 qua
362 3863 461 3920 prout,
480 3855 626 3928 sedaequa
644 3869 672 3912 et
687 3869 770 3915 -σι,
806 3860 900 3913 Graeci
916 3861 1099 3918 eodemmodo
1117 3865 1180 3921 ἴσον
1196 3869 1259 3933 aul,
1366 3919 1367 3926 ,

284 3931 331 3988 ἴσα
356 3934 405 3988 καί
423 3951 589 4010 componunt.
607 3943 730 4013 Sophocl.
743 3943 814 3998 0ed.
828 3945 892 4016 Tyr.
911 3943 970 4002 611.
988 3949 1106 4021 Thucyd.
1126 3949 1160 4020 3,
1184 3953 1225 4006 14.

317 4046 557 4109 Areva-arose,
575 4061 624 4106 aa,
642 4063 675 4098 ac
691 4030 821 4100 anPlaut.
840 4047 899 4100 Aal.
915 4047 947 4113 2,
966 4049 999 4119 4,
1026 4053 1067 4105 18.
1083 4071 1187 4126 pameas
1204 4074 1259 4109 non
1365 4067 1366 4120 T

280 4145 368 4200 ¹caeam
385 4127 480 4187 aridus
495 4140 590 4204 atque
607 4129 651 4186 laic
670 4139 713 4186 ast
731 4149 823 4188 senex·
842 4136 886 4188 uti.
898 4135 1087 4192 restituendum
1111 4157 1168 4194 esse
1192 4143 1257 4196 bene
1365 4125 1366 4144 ¹
