2676 4748
263 339 302 387 nv
446 349 503 364 =·
701 339 721 371 «τ
1077 347 1203 372 «Μ
1264 301 1265 366 3

178 469 181 476 ’
267 470 428 565 praeditus
448 473 532 545 erat,
553 472 589 530 ut
608 483 660 528 me
674 437 929 550 qnotidie'debiti
945 465 1009 531 mei
1033 465 1265 547 admoneret,a

267 597 517 690 que-molestam
539 589 781 658 sollicitudinem
799 587 876 658 mibi
895 589 1057 660 excitaret.
1099 593 1203 660 Nemo
1220 589 1265 658 eni

268 737 335 809 est,
366 723 418 790 cui
444 733 509 787 tam
540 718 637 784 multa
661 739 756 803 quana
780 716 838 784 tibi
860 717 1010 800 debeam,
1039 717 1152 800 nemo,
1177 717 1266 786 cuin

268 852 373 943 magis
387 849 514 940 plaeere
530 843 672 934 cupiam:
693 867 787 912 nemo
808 853 914 912 autem
933 855 1001 926 est,
1021 846 1073 914 oui
1087 843 1243 912 difficilius
1264 873 1266 912 r

205 1013 215 1028 ¹
269 981 471 1055 satisfacere,
496 983 551 1040 aut
564 973 683 1040 offerre
702 969 836 1060 aliquid,
856 971 945 1058 quod
961 972 1031 1062 ipse
1055 968 1266 1058 nontamen

233 1159 242 1166 .
269 1115 413 1200 paratum
429 1101 554 1168 babeat.
597 1101 671 1166 Hac
693 1095 889 1166 dubitatione
909 1098 985 1165 dnm
1008 1097 1147 1177 haesito,
1165 1096 1199 1167 id
1217 1119 1266 1162 cer

269 1229 428 1327 praevidi,
449 1225 509 1294 nisi
527 1233 622 1316 grato
648 1225 753 1317 animo
769 1225 840 1328 plue
859 1247 953 1312 quem
973 1225 1095 1327 ingenii
1110 1223 1227 1290 viribus
1250 1232 1267 1288 t

270 1363 421 1437 bnerem,
442 1364 538 1442 atque
555 1335 707 1420 auderem
722 1351 857 1439 aliquid,
876 1373 1047 1439 numquam
1061 1375 1113 1432 me
1131 1329 1188 1417 has
1209 1345 1267 1416 oili

270 1487 334 1556 mei
358 1494 464 1574 partes
486 1503 558 1569 esse
583 1475 794 1567 impleturum.
813 1477 818 1485 ’
835 1479 887 1546 Ita
907 1478 1026 1556 lactum
1042 1483 1186 1561 'est,·ut,
1210 1498 1267 1564 qur

271 1615 304 1684 in
327 1615 391 1680 hoe
412 1611 493 1692 libro
516 1607 558 1674 de
579 1603 741 1697 particulis
764 1603 995 1692 conscribendo
1016 1606 1213 1698 laborarem,
1234 1629 1267 1690 er

271 1741 346 1820 tibi,
365 1750 525 1824 tamquam
548 1731 674 1823 pietatis
697 1754 789 1798 meae
811 1729 941 1820 aliquod
960 1731 1202 1813 documentum,
1238 1757 1267 1798 m

272 1878 342 1954 tere
366 1859 600 1932 constituerem.
650 1860 723 1934 Quo
745 1859 877 1928 oonsilio
905 1881 970 1926 non
993 1859 1090 1928 modo
1112 1839 1268 1948 sollicitari

204 2085 206 2090 Ι
273 1992 369 2067 animi
391 1992 544 2080 impetum
558 1983 756 2074 compescui,
778 1983 837 2053 sed
858 1981 975 2078 duplex
995 1986 1200 2077 mihiparavi
1221 2011 1268 2054 au]

273 2123 350 2190 lium
361 2117 496 2194 laboris,
515 2124 548 2180 et
561 2113 642 2180 utin
656 2111 720 2179 boc
735 2112 883 2200 diuturno
893 2113 1041 2204 negotia,
1055 2113 1224 2200 siquando
1241 2141 1268 2182 1r

273 2249 396 2316 lestiam
423 2237 654 2312 aut'taedium‘
675 2241 860 2324 sensissem,
889 2240 1068 2308 dulcissima
1095 2239 1143 2308 tui
1163 2245 1268 2310 nomin

274 2376 327 2446 oui
345 2377 427 2440 baec
450 2369 643 2446 scribebam,
670 2368 823 2436 memoria
839 2388 1020 2446 recrearer,
1045 2374 1078 2433 et
1101 2377 1151 2466 pt,
1177 2368 1205 2434 si
1225 2372 1269 2438 dil

275 2502 392 2570 cultate
406 2517 445 2566 ac
458 2494 551 2585 eopia
563 2514 670 2560 rerum
690 2515 743 2560 me
764 2517 849 2583 pene
865 2499 1054 2582 oppressam
1068 2493 1234 2578 vidissem,
1260 2499 1269 2565 l

274 2633 401 2707 berem,
428 2623 522 2692 cuins
545 2622 588 2692 ad
619 2615 789 2712 egregium
817 2603 996 2710 exemplum
1018 2619 1229 2711 suspicarere,
1264 2653 1269 2694 ε

278 2756 368 2826 ouius
380 2753 498 2820 monita
515 2759 548 2818 et
570 2755 742 2840 praecepta
756 2771 808 2815 me
823 2745 857 2832 in
869 2749 952 2816 viam
972 2747 1076 2839 magis
1095 2760 1241 2839 apertam
1268 2780 1269 2820 1

278 2882 440 2951 ducerent.
497 2879 569 2944 Hac
591 2873 786 2966 cogitatione
804 2873 980 2947 institutum
995 2887 1034 2944 et
1052 2876 1242 2977 ¹'conuiuatum

277 2997 341 3079 hoc
368 3002 571 3098 opusculum,
599 2998 688 3071 cuins
711 3002 844 3092 primam
874 3011 998 3094 partem
1018 3001 1187 3072 nunctibi
1207 3017 1269 3074 tra¹

278 3137 334 3206 'l'n
347 3153 424 3201 vero
439 3127 481 3200 ad
495 3132 687 3198 voluntatem
704 3125 807 3220 magis
819 3129 959 3221 respice,
980 3153 1076 3220 qnam
1088 3131 1132 3201 ad
1152 3155 1208 3215 eo,
1232 3159 1269 3224 qr

280 3265 349 3355 ipse
357 3261 496 3352 perfeci:
518 3257 571 3326 illa
592 3251 618 3324 si
631 3254 693 3324 tibi
704 3253 882 3347 placuerit,
897 3256 992 3328 etiam
1012 3259 1053 3326 ad
1074 3257 1155 3326 baeo
1177 3260 1269 3331 forta

281 3389 398 3480 aliquid
417 3382 606 3500 redurqlabit
621 3382 876 3468 benevolentiae,
905 3385 985 3476 qua,
1010 3408 1098 3475 qnae
1115 3361 1269 3475 displices

283 3529 338 3586 aut
358 3523 564 3593 excusentur,
582 3519 636 3580 aut
651 3511 879 3582 condonentur.
911 3515 1010 3582 Modo
1027 3535 1097 3594 rue,
1115 3535 1211 3602 quem
1236 3543 1269 3586 se

282 3667 341 3736 per
357 3637 510 3732 singulari
523 3657 631 3708 amore
644 3637 806 3728 amplexus
823 3665 873 3721 es,
893 3649 949 3710 tua
968 3640 1131 3730 disciplina
1143 3663 1209 3708 non
1224 3667 1269 3733 pr

161 3829 164 3834 .
283 3797 338 3842 sus
359 3761 524 3860 indignum
544 3787 684 3835 censeas.
725 3765 828 3856 Atque
856 3765 889 3834 in
911 3769 972 3836 bac
998 3764 1209 3836 non'tuutnm
1239 3774 1269 3840 li

284 3899 343 3970 sed
364 3897 460 3966 totius
477 3894 572 3964 animi
585 3889 785 3964 dedicatione
803 3894 1007 3986 acquiescere
1027 3915 1171 3986 possem,
1195 3908 1269 3969 tuo,

165 4004 168 4012 ’
283 4020 777 4112 na1010,0uanmsrnrquaes‚
801 4019 1223 4109 suessonensium,
1254 4055 1269 4100 ι
