2764 4746
537 249 680 401 “aN.
787 353 791 360 .
893 257 911 323 ¹·
975 283 1232 372 *aar¹

108 455 131 546 ἦ
152 458 406 548 iuterrogatio,
434 458 481 524 ita
502 456 589 546 apud
612 457 746 555 Latinos
766 467 921 554 'quoque‘
939 481 987 522 an
1008 461 1154 526 interro-
1193 510 1196 517 .

108 546 213 634 'gaudi
228 547 297 613 vim
313 547 457 618 nativam
473 543 639 610 interdum
657 565 692 630 rn
713 542 1154 628 disiunctivamxdemutasse.

8 665 10 680 ·
110 635 226 714 Quare
241 628 395 715 „nativa,
413 626 539 716 iuquit,
562 627 624 711 luit
643 639 675 693 et
689 630 828 716 propria
846 629 981 694 uoculae
998 653 1046 696 aa
1060 633 1154 698 notio

108 719 213 801 haec,
228 723 321 806 'quae
337 725 369 783 et
385 735 579 802 graecorum
595 713 774 780 verborum
797 711 840 796 πή
862 715 920 781 vel
935 713 1002 792 πώς
1026 718 1182 782 encliti-l
1213 764 1219 784 r

108 805 178 885 eis,
199 802 440 892 responditque
456 802 578 866 nostris
597 797 739 892 irgend,
761 810 860 888 etwa-
894 801 1019 878 Deinde
1033 812 1156 886 tamen,
1204 807 1206 814 '

109 883 217 988 riuum
224 887 399 1001 praeponi
415 896 531 973 coepta
547 895 647 965 esset,
667 908 758 964 eam,
775 906 855 971 quae
874 896 930 984 est·
945 889 1068 972 graecis
1092 910 1156 954 vo·

111 975 196 1042 culis
218 1001 239 1059 η
258 985 342 1055 eta,
367 973 510 1061 accepit,
538 971 719 1056 eodemque
738 970 900 1036 modo'ia
921 973 1157 1061 interrogatio·

109 1061 211 1128 nibus
241 1059 432 1138 adhibetur,
472 1056 750 1144 quemadmodum
781 1056 1024 1133 Germanorum
1055 1070 1157 1126 elwa.
1192 1100 1227 1138 ιχ
1290 1030 1292 1042 ¹

53 1175 55 1184 ’
109 1148 317 1212 Vimtamen
332 1143 559 1209 disiunctivam
576 1163 647 1209 non
669 1141 785 1214 habuit
808 1164 870 1229 pro
897 1141 998 1226 riam,
1025 1143 1085 1210 sed
1104 1167 1158 1212 res

93 1233 187 1321 'ipsa
204 1231 298 1306 aliter
312 1227 399 1298 ferre
415 1250 485 1296 non
509 1227 637 1316 potuit,
660 1247 760 1313 quam
776 1237 830 1310 ut,
849 1167 906 1294 uli
923 1228 1158 1380 interrogando
1221 1307 1222 1312 γ
1308 1275 1309 1280 1

112 1317 275 1408 quaedam
307 1315 368 1382 eibi
395 1317 645 1402 'opponerentur
669 1322 914 1402 ponereturque
937 1339 1003 1389 un,
1031 1316 1043 1380 i
1078 1315 1158 1380 vim

113 1400 599 1493 appositivam,adscisoeret.“·
622 1400 708 1464 llaec
730 1421 849 1468 vereor
873 1424 917 1466 ne
941 1401 1095 1466 audacter
1117 1414 1170 1480 ex·

113 1489 252 1556 arbitrio
269 1485 374 1572 magis
390 1485 577 1573 composita
592 1484 676 1565 sint,
697 1506 797 1571 quam
813 1483 889 1550 culn
907 1497 1060 1553 accurata
1074 1508 1159 1550 con·

113 1565 295 1656 suetudinis
319 1571 560 1636 observatione.
609 1569 697 1657 Nam
721 1569 870 1658 primmn
894 1571 1060 1654 encliticus
1082 1593 1160 1636 usus

113 1659 295 1749 particulae
311 1680 359 1722 aa
372 1652 466 1720 nullo
487 1654 729 1746 comprobatur
745 1655 963 1721 documento:
980 1667 1062 1742 tum
1077 1678 1160 1720 nus*-

114 1767 216 1832 quam
233 1745 370 1831 ponitur
386 1765 434 1806 an
451 1742 487 1806 in
510 1741 788 1826 interrogatione,
821 1742 881 1806 uisi
904 1741 961 1806 ubi
985 1741 1159 1826 disiunctio

114 1840 171 1894 aut
193 1828 298 1894 verbis
324 1846 477 1912 expressa
502 1837 557 1890 aut
581 1826 780 1914 cogitatione
803 1837 890 1892 certe
917 1839 1078 1916 concepta
1099 1837 1159 1892 est.
1227 1883 1230 1888 .

115 1916 229 1995 Quare
244 1913 290 1976 via
306 1911 486 1998 particulae
501 1911 695 1978 disiunctiva
709 1934 778 1976 non
802 1915 935 1978 accessit
958 1936 998 1978 ex
1021 1917 1171 2003 opposi-v

113 2001 210 2064 tione
223 1995 363 2060 duarum
376 2017 508 2078 rerum,
531 1997 589 2061 sed
604 1997 669 2095 ipsi
687 1998 798 2061 innata
814 2009 873 2062 est.
918 1998 1066 2064 Tantum
1083 2020 1160 2066 vero
1192 1999 1211 2018 ²
1231 2003 1233 2007 ’

115 2085 224 2163 abest,
246 2089 283 2145 ut
298 2101 374 2146 cum
389 2078 580 2146 Hermanno
598 2081 764 2163 dicamus,
782 2105 829 2146 un
848 2105 888 2146 ex
904 2094 1008 2147 aritae
1026 2093 1161 2148 contra-

115 2182 206 2237 ctum
221 2185 309 2243 esse,
330 2166 421 2230 utin
438 2165 489 2230 his
505 2167 674 2256 particulis
696 2167 879 2253 primitivas
896 2166 1021 2232 formas
1035 2167 1161 2232 intelli-

114 2273 247 2351 gamus,
270 2273 353 2339 quae
370 2273 474 2343 quum
490 2252 684 2317 notionibus
698 2252 764 2315 suis
780 2253 989 2338 propinquae
1004 2253 1072 2318 sibi.
1083 2247 1161 2334 sint,
1251 2301 1256 2329 ,

111 2349 213 2404 etrum
229 2338 372 2404 similem
390 2337 514 2402 babent
528 2339 685 2426 speciem,
704 2359 764 2400 neo
779 2347 908 2402 tantum
923 2361 957 2402 m
974 2359 1041 2403 uno
1056 2338 1161 2403 latino
1191 2352 1200 2378 ·'
1280 2368 1283 2380 ¹

110 2445 286 2506 sermone,
317 2421 432 2488 sedin
457 2423 526 2488 aliis
573 2445 690 2510 noque.
709 2421 848 2510 linguis,
875 2445 1016 2512 quarum
1034 2425 1166 2512 siquae

110 2508 231 2576 similia
245 2508 537 2598 deprehenduntur
550 2447 651 2574 liuius
670 2509 797 2596 generis
823 2509 999 2588 vocabula,
1020 2527 1067 2575 ¹ea
1091 2531 1163 2574 non

113 2594 261 2666 externis
274 2595 425 2683 gentibus
443 2596 719 2684 desumptarum,
741 2595 827 2660 sede
843 2597 1015 2660 communi
1030 2617 1163 2660 sermo·
1183 2649 1184 2656 ,
1228 2600 1230 2606 ’

111 2682 166 2747 nis
180 2681 318 2746 humani
333 2679 614 2746 iontefluxerunt.
658 2681 761 2746 Sicuti
770 2693 842 2758 aut,
861 2681 952 2767 quod
964 2683 1164 2770 pronuntia·

110 2767 206 2832 tione
222 2767 347 2831 accedit
362 2766 402 2831 ad
417 2777 471 2849 ot,
493 2788 569 2830 cum
593 2765 754 2838 Italorum
779 2790 818 2847 o,
841 2767 1087 2843 Germanorum
1106 2765 1163 2847 od,

65 2873 67 2878 ·
112 2852 216 2934 oder,
230 2851 458 2918 Hebraeorum
476 2861 517 2918 ata
533 2851 694 2917 convenit.
719 2850 756 2914 ld
774 2851 847 2915 ante
866 2851 978 2916 omnia
992 2862 1163 2918 teneamus
1263 2841 1274 2892 ff

39 3017 43 3028 ι
111 2959 247 3006 necesse
261 2940 343 3019 erit,
365 2962 413 3003 an
429 2959 497 3002 esse
514 2936 731 3018 vocabulum,
756 2937 848 3023 quod
870 2937 1010 3024 proprie
1031 2938 1165 3002 dubita·
1194 2948 1196 2960 ¹

111 3025 201 3092 tioni
215 3035 247 3088 et
262 3023 518 3110 interrogationi
539 3021 792 3112 hypotheticae,
815 3043 879 3172 gua
897 3022 938 3088 de
952 3023 1093 3088 duarum
1109 3043 1164 3087 re·
1195 3021 1201 3029 “

112 3132 195 3178 rum
210 3109 422 3198 ambiguitate
437 3109 624 3196 quaeritur,
658 3105 800 3195 ideoque
839 3108 1026 3174 ieiunationi
1054 3109 1165 3195 expri-

113 3195 256 3262 mendae
271 3195 446 3276 inserviat,
466 3205 563 3282 atquc
578 3193 649 3260 fere
657 3193 751 3274 idem
768 3192 926 3281 significet
937 3193 1031 3280 'quod
1048 3206 1166 3260 uittae·

107 3279 289 3360 Elementa
299 3281 371 3348 ,duo
391 3291 484 3358 sunt,
518 3304 542 3346 u
566 3280 819 3359 disiunctivum,
847 3304 870 3344 ra
894 3280 1167 3370 interrogativum

113 3367 186 3434 sive
213 3366 441 3455 dubitativum.
501 3366 738 3452 Quaecumque
762 3366 1104 3454 onim‘interrogatio,
1129 3366 1165 3430 in
1257 3443 1263 3450 ,

77 3501 80 3511 .
140 3475 183 3518 ua
199 3457 247 3518 uri
261 3453 431 3540 ponitur,·
445 3451 638 3518 disiunctiva
662 3461 729 3532 est,
759 3451 826 3516 sive
844 3459 1025 3538 utrumque
1053 3473 1165 3516 mam-

113 3477 218 3604 lirum
243 3537 349 3604 verbis
372 3559 585 3626 expressum,
614 3537 689 3601 'sive
713 3535 854 3610 alterum
883 3538 975 3626 prius
1005 3538 1165 3602 omissum

114 3633 178 3690 est.
220 3623 265 3688 Et
311 3643 392 3688 uum
415 3647 463 3688 an
486 3623 584 3688 etiarn
611 3627 705 3686 extra
733 3623 1039 3709 interrogationem
1052 3623 1166 3687 locum

112 3710 255 3790 habeat,
324 3709 527 3776 'siunctionis
557 3707 831 3796 significationem
861 3709 1066 3797 primitivam
1097 3730 1166 3773 esse

112 3795 331 3886 putabimus,
355 3815 493 3882 eamque
514 3794 558 3858 ob
579 3805 727 3861 caussam
742 3795 1009 3883 interrogationis
1025 3793 1185 3882 duplicis*

115 3882 213 3948 alteri
225 3879 371 3948 secundo
388 3877 541 3946 membro
556 3879 753 3968 particulam
769 3879 854 3944 hanc
876 3880 961 3946 addi.

203 3967 339 4033 Beierus
355 3967 396 4031 ad
410 3987 465 4031 me
488 3985 577 4030 nunc
596 3961 676 4029 haec
691 3966 839 4054 s‘cripsit:
867 3968 935 4048 „Vt
952 3978 1013 4032 arat
1031 3987 1072 4032 ex
1088 3955 1167 4040 briss,
1190 3997 1193 4020 ι

115 4065 237 4130 autam
252 4073 294 4118 ex
308 4047 427 4136 adraip,
442 4054 489 4118 sic
506 4075 554 4116 aa
568 4061 642 4116 orta
664 4051 794 4116 videtur
809 4075 850 4116 ex
865 4045 922 4132 ud,
937 4057 1066 4132 rursus,
1083 4072 1167 4114 cou-

116 4151 199 4223 tru,
231 4149 265 4205 et
286 4135 343 4218 ἄν,
370 4159 455 4227 quae
481 4137 562 4206 abiit
583 4137 672 4228 apud
687 4137 821 4208 Latinos
841 4138 877 4206 in
899 4135 1167 4222 interrogativum

576 4261 770 4318 ,·“1
