2760 4748
247 331 312 398 aas
387 416 395 432 θ
737 335 808 406 aa.

174 476 179 484 “
247 487 487 554 enuntiationes
505 511 566 578 per
581 513 629 554 en
647 487 810 556 formatas
833 489 1079 576 unosobliqnae
1102 491 1292 578 interroga-

246 571 345 637 tionis
369 577 506 640 nomine
530 575 751 664 appellabant.
799 574 886 639 Nam
915 599 953 640 ea
975 585 1107 638 tantum
1129 578 1292 640 sententia

245 657 291 726 ita
304 661 415 728 vocari
431 661 538 743 debet,
560 661 686 748 inqua,
703 663 782 750 quid
802 673 975 749 quaestum
991 659 1103 738 fuerit,
1126 671 1292 741 narratur,

245 755 301 806 aut
317 745 396 836 quid
415 747 639 834 quaerendum
655 749 715 830 sit,
727 749 901 814 indicatur.
954 746 1109 832 Reliquas
1137 748 1292 811 enuntia-

243 828 352 894 tione's
370 829 410 896 ad
426 833 642 899 dubitativum
657 855 759 921 genus
782 831 966 898 referamus
989 853 1121 896 necesse
1144 833 1227 914 erit,
1256 833 1292 898 in
1364 911 1365 916 γ

244 935 314 1000 quo
340 938 441 1002 quam
458 919 527 986 vim
542 918 662 984 habeat
676 918 854 1010 particula,
883 919 960 982 satis
986 939 1005 981 a
1028 916 1127 981 nobis
1152 919 1290 1007 exposi-
1364 919 1365 928 ’

243 1009 317 1064 tum
333 1013 391 1069 est.
434 1005 499 1069 Sed
513 1005 549 1068 in
567 1005 657 1093 ipsa,
680 1027 761 1095 quae
781 1014 868 1069 recte
889 1013 1045 1084 vocatur,
1074 1001 1212 1090 obliqua
1234 1004 1289 1068 in-

244 1089 652 1179 temogationeparticulae
665 1103 782 1158 natura
797 1101 830 1156 et
845 1099 992 1180 potestas
1005 1111 1076 1153 non
1093 1087 1217 1154 aliaest
1235 1101 1290 1153 aut
1364 1091 1365 1114 ¹

242 1193 313 1236 esse
335 1185 465 1260 potest,
483 1197 584 1262 quam
600 1177 635 1239 in
649 1187 757 1259 recta,
778 1195 885 1262 neque
901 1199 948 1239 an
963 1185 1124 1264 umquam
1150 1174 1288 1262 ponitur

240 1257 277 1320 in
291 1258 435 1348 simplici
458 1261 737 1346 interrogatione,
768 1263 826 1327 sed
846 1261 881 1325 in
906 1283 960 1340 ea,
986 1281 1070 1347 quae
1094 1260 1286 1346 oppositio-

241 1364 320 1408 nem
343 1347 378 1409 in
400 1369 435 1410 se
453 1345 560 1428 ,babet
581 1347 633 1412 vel
656 1348 761 1412 verbis
786 1369 995 1445 expressam,
1027 1346 1080 1411 vel
1098 1345 1286 1434 intelligen-

241 1427 329 1494 dam.
372 1430 421 1497 Ita
437 1441 535 1498 'certe
556 1433 708 1524 antiquus
732 1431 934 1502 ususnubet.
979 1431 1080 1514 Quod
1105 1452 1178 1494 non
1209 1432 1285 1495 satis

239 1517 462 1603 perpenderat
479 1519 673 1601 Schiiteius,
699 1541 803 1606 quum
817 1519 852 1583 in
868 1519 983 1582 Doctr.
1001 1517 1121 1584 Partic.
1146 1517 1286 1598 doceret,
1365 1533 1366 1548 ¹

141 1667 144 1672 .
240 1625 313 1686 „en
329 1604 481 1696 usurpari
502 1607 537 1670 in
555 1607 814 1693 interrogatione
830 1603 973 1690 obliqua,
997 1626 1029 1668 v.
1050 1626 1077 1668 c.
1093 1625 1229 1689 quaero,
1246 1626 1287 1667 au
1365 1667 1366 1672 ,

241 1701 413 1776 argentum
429 1691 459 1756 ei
475 1691 635 1756 desieriti‘
659 1691 751 1756 Inter
765 1689 964 1755 recentiores
978 1689 1158 1778 scriptores
1174 1699 1287 1752 tamen

239 1775 394 1840 nonnulli
408 1789 518 1860 erant,
541 1779 598 1862 qui
620 1800 668 1842 an
690 1777 834 1866 simplici
856 1798 953 1840 sensu
979 1774 1160 1839 dubitativo
1185 1797 1284 1838 usur·
1365 1809 1366 1812 ¹

238 1870 376 1946 pantes,
399 1862 497 1926 etiam
521 1862 691 1948 obliquam
713 1863 1009 1949 interrogationem
1031 1862 1067 1924 in
1093 1859 1183 1924 hunc
1208 1883 1286 1926 mo-

239 1945 321 2009 dum
340 1946 615 2028 conformabant,
640 1970 706 2034 quo
726 1949 862 2013 Tacitus
884 1949 971 2012 Ann.
997 1953 1038 2026 2,
1058 1951 1089 2012 9.
1109 1947 1285 2034 quaesito-

239 2054 318 2120 que,
340 2057 387 2097 on
406 2031 537 2104 Caesar
561 2035 714 2128 venisset.
767 2033 860 2104 Talia
881 2035 916 2100 in
941 2033 1102 2102 Cicerone
1120 2053 1286 2121 nusquam

202 2141 203 2146 ¹
240 2129 430 2184 occurrunt.
856 2182 859 2188 ,
896 2167 898 2176 ,
1170 2149 1175 2176 t

326 2261 471 2336 ‘Obliquas
497 2264 713 2334 interrogationis
735 2262 800 2316 haec
823 2251 897 2316 sunt:
924 2261 978 2313 Cio.
1006 2263 1079 2311 Orat.
1105 2259 1156 2324 61,
1176 2257 1237 2315 204.
1257 2265 1287 2316 in

307 2367 362 2420 quo
382 2351 537 2420 quaesitum
561 2364 613 2416 est,
634 2354 665 2430 ᾖα
690 2359 788 2404 totone
809 2349 925 2401 circuitu
954 2343 1006 2400 iilo
1024 2349 1179 2422 orationis,
1197 2373 1232 2387 -
1249 2365 1287 2399 are

186 2467 189 2490 ι
276 2429 289 2484 “.
304 2435 336 2485 in
353 2436 501 2504 principiis
528 2435 632 2500 solum,
658 2456 694 2488 an
722 2437 752 2488 in
779 2436 922 2495 extremis,
950 2450 987 2483 en
1012 2433 1041 2483 in
1067 2441 1287 2502 utraqaeyparte

242 2491 265 2526 t.
304 2535 434 2572 numerus
457 2519 590 2572 tenendus
614 2524 659 2573 sit.
694 2519 728 2568 ad
747 2522 800 2568 Att.
822 2518 870 2580 12,
889 2514 932 2566 24.
967 2515 1073 2575 Sallust,
1102 2515 1286 2582 mg.85,16.

304 2601 349 2656 Ac
372 2609 397 2658 si
421 2604 478 2663 iam
505 2621 540 2657 ex
564 2589 694 2674 pbtribus
721 2600 819 2655 Albini
848 2610 897 2654 aut
925 2599 1038 2652 Bestiae
1064 2603 1161 2666 quaeri
1179 2613 1286 2671 posset,

304 2708 383 2743 mene
399 2709 436 2743 an
457 2687 526 2744 ilios
547 2707 582 2742 ex
605 2707 633 2741 se
655 2689 736 2758 gigni
757 2684 915 2739 nraiuerint.
951 2686 1006 2736 Cic.
1030 2685 1059 2735 in
1086 2687 1165 2737 Verr.
1190 2685 1226 2748 2,
1242 2683 1287 2750 77,
1366 2741 1367 2766 ,

303 2773 363 2827 188.
379 2773 495 2844 postulo
512 2773 580 2826 milri
592 2772 776 2844 respondeat,
803 2773 850 2844 qui
864 2773 902 2824 sit
920 2773 972 2823 iste
991 2769 1155 2823 Verrutiuss
1175 2781 1288 2822 'merces-
1366 2801 1367 2810 ,

305 2867 351 2909 tor
370 2879 407 2910 an
425 2864 604 2932 negotiator,
631 2880 669 2914 ae
689 2867 802 2924 arator,
827 2877 865 2912 an
886 2859 1051 2928 pecuarius:
1077 2857 1108 2908 irs
1131 2854 1232 2910 Sicilie
1250 2861 1288 2911 sit

303 2962 343 2998 an
358 2947 415 2999 iam
432 2945 588 3000 decesserit.

342 3069 460 3124 Petronii
474 3070 555 3122 verbe
568 3071 623 3126 set.
641 3065 684 3120 51.
705 3077 854 3139 postquam
869 3064 914 3120 iiii
929 3063 1019 3118 dircite
1041 3080 1107 3115 num
1125 3061 1197 3134 quiri
1212 3061 1289 3117 alins

303 3155 356 3206 seit
371 3153 443 3208 banc
464 3126 637 3208 condituram
650 3155 826 3206 vitreorum?
850 3155 892 3208 lo.
905 3148 1104 3202 Serisberiensis
1119 3149 1246 3200 Policrat.
1261 3146 1289 3220 4,

302 3237 328 3289 6·
345 3239 461 3288 reddidit
478 3239 528 3289 itas
554 3239 693 3309 quaesivit
707 3243 782 3295 enim
802 3237 922 3303 Caesar,
949 3254 987 3290 an
1011 3231 1086 3288 alius
1107 3236 1192 3290 sciret
1214 3231 1289 3288 baec

304 3321 479 3375 condituram
492 3327 635 3378 vitrorum.

336 3428 378 3478 De
393 3417 595 3496 corrupto‘loco
617 3428 671 3482 cie.
691 3427 768 3480 Catil.
790 3425 824 3490 2,
848 3423 881 3490 6,
906 3423 947 3478 12.
973 3421 1127 3496 quaesiqia
1147 3419 1289 3488 Catilina,

290 3521 340 3563 'an
358 3522 490 3564 nocturno
511 3505 647 3566 conventu
667 3511 747 3582 apud
765 3511 813 3564 M.
827 3509 949 3565 Leccam
959 3503 1076 3578 fuisset.
1102 3507 1158 3557 dixi
1182 3526 1209 3576 p.
1222 3505 1291 3559 309.

301 3595 357 3650 Cic.
373 3596 401 3647 in
415 3599 493 3650 Verr.
506 3596 540 3664 4,
561 3597 611 3661 12,
630 3595 673 3651 27.
692 3616 774 3666 quum
791 3595 974 3665 quaesissem,
992 3591 1128 3664 numquid
1152 3587 1236 3645 aliud
1254 3589 1293 3643 de

109 3677 113 3684 '
212 3730 216 3743 ,
289 3677 383 3732 ,bonis
405 3684 464 3735 eius
487 3685 660 3752 pervenisset
684 3681 723 3735 ad
749 3681 889 3749 Verrem,¹
907 3677 1053 3749 respondit
1078 3679 1164 3731 istum
1193 3674 1233 3728 ed
1260 3693 1294 3728 se

299 3769 421 3832 misisse,
439 3777 469 3820 ut
489 3766 542 3821 sibi
567 3769 686 3822 mitteret
705 3767 891 3840 Agrigentum
913 3769 1145 3836 peripetasmata.
1194 3760 1295 3836 Quae·

303 3849 374 3912 sivi,
393 3855 585 3908 anmisiss‘et:
610 3853 820 3924 respondit,-
839 3855 956 3906 misisse.
975 3877 1010 3889 -
1039 3849 1165 3920 Rogavi,
1190 3865 1295 3916 perve-
1365 3843 1367 3896 ἱ

300 3935 440 3988 nissentni
462 3939 665 4010 Agrigentum.-
694 3938 767 3992 dixit
787 3937 952 4009 pervenisse.
999 3920 1151 4011 Quaesiei,
1178 3952 1216 3985 an
1234 3931 1292 3984 do·

301 4037 375 4074 mum
391 4025 583 4083 revertissente
602 4021 828 4094 negavit'edlmc
849 4011 1003 4074 revertissei
1039 4021 1111 4071 Haec
1126 4019 1165 4068 ita
1185 4017 1293 4068 cohae-

300 4113 360 4154 rent
381 4115 455 4157 recte
477 4108 612 4162 orationes
640 4107 765 4178 numquid
789 4106 861 4158 eliud
875 4101 917 4156 vde
932 4105 1010 4158 honis
1034 4105 1086 4154 tais
1103 4103 1226 4172 pervenit
1254 4100 1294 4150 ad

299 4189 427 4260 Verrem,
450 4207 485 4246 su
506 4192 709 4266 peripetasmata
734 4187 850 4247 misisti?
888 4191 979 4262 (sicuti
998 4189 1088 4264 paullo
1110 4198 1201 4272 sante:¹
1219 4181 1294 4256 quid
