2760 4748
385 405 442 445 „
532 321 681 402 aare
867 424 893 437 ,-
1067 333 1218 418 ars„

81 479 117 562 et
133 490 207 558 aliie
237 491 328 580 quod
345 509 448 580 quum
462 489 590 557 ratione
606 477 925 580 (11111111111111111,
939 507 1130 604 ,1111111111-

81 581 187 645 tionis
202 579 269 644 vim
287 577 434 642 defendit
450 575 624 644 Salmasius
646 579 806 668 111Ε11111.1
827 607 861 672 p.
876 591 951 653 280.
993 591 1057 656 Ani
1080 573 1131 658 11ὲ

82 689 182 746 men,
206 666 264 750 qui
278 663 475 728 uocabulum
493 675 575 728 ante
599 665 696 728 etiam
719 667 815 732 iniis
838 669 920 738 loeis
944 672 1146 764 deprehen«
1367 739 1368 762 3

84 753 173 816 disse
188 750 251 816 sibi
270 749 330 814 visi
354 749 465 827 erant,
497 748 675 835 inquibus
701 773 771 816 non
794 753 942 822 additum
966 773 1049 826 esset
1065 787 1133 828 no·
1250 779 1252 782 ’

78 859 164 916 Ι111111
191 835 322 900 dierum
349 833 542 912 calendarii,
577 835 646 921 ipsi
677 839 913 924 praepositioni
945 845 1134 913 tribuebant

75 931 287 1011 potestatem
312 919 401 984 certi·
415 919 573 1004 temporis
599 920 801 1008 designandi.
849 925 976 994 Eorum
998 945 1134 1000 senten-

82 1009 170 1072 tiam
192 1007 341 1095 primum
362 1003 651 1102 exposuit-bosius
668 1005 707 1070 ad
734 1008 802 1083 Cio.
818 1008 880 1100 Ep.
896 1013 938 1078 ad
953 1018 1018 1082 An.
1040 1025 1078 1100 1,
1103 1027 1135 1088 1.

85 1093 148 1158 sed
162 1092 276 1157 multo
286 1090 466 1172 distinctius
480 1087 631 1154 Norrsius
654 1091 690 1156 in
711 1092 896 1184 Genetaph.
919 1100 1024 1168 Pisan.
1045 1103 1134 1172 Dias.
1169 1142 1172 1152 =

83 1185 128 1260 2,
153 1183 203 1242 17.
225 1201 260 1266 p.
277 1178 350 1242 342.
369 1175 598 1240 demonstrans
623 1177 819 1244 antediem
843 1183 1042 1272 significare,
1073 1214 1136 1256 an-

83 1275 223 1352 tequam
239 1262 307 1328 dies
324 1264 462 1349 prorsus
480 1259 593 1324 linitus
609 1272 711 1344 esset,
739 1266 831 1352 quod
850 1281 952 1354 esset,
974 1271 1050 1372 ipso
1069 1276 1134 1347 die.

85 1347 184 1415 Hane
210 1347 405 1414 sententiam
434 1347 737 1426 comprobaverunt
762 1351 964 1442 interpretes·
989 1361 1069 1426 ruris'
1095 1361 1137 1428 ad

86 1434 216 1520 Digest.
244 1432 284 1498 de
308 1432 430 1499 verbor
452 1431 535 1582 ripn.
560 1437 642 1513 283,
665 1439 694 1498 1.
718 1443 751 1498 et
775 1436 816 1502 do
838 1441 927 1507 verb.
948 1443 1015 1509 obl.
1035 1451 1086 1512 13.
1104 1456 1138 1512 ot

87 1523 153 1602 56,
172 1521 205 1584 5.
230 1517 392 1585 Doduell.
414 1515 455 1582 de
502 1517 585 1608 yclis
600 1519 685 1582 Diss.
704 1519 735 1603 1.
750 1532 829 1586 seot.
856 1531 907 1590 16.
942 1527 1073 1608 Duker.
1096 1531 1139 1597 ad
1214 1573 1221 1593 .

86 1607 162 1672 Liv.
184 1609 245 1679 27.
273 1609 327 1670 28.
368 1605 526 1668 Garaton.
551 1601 593 1669 od
616 1601 759 1691 Philipp.
786 1608 844 1690 14,
862 1607 906 1678 ¹7.
933 1623 965 1678 et
993 1619 1051 1698 10,
1085 1623 1138 1684 11.

90 1685 205 1774 Quare
220 1689 290 1755 aliis
305 1670 343 1754 in
377 1697 515 1775 romptu
524 1697 616 1752 erant
625 1690 867 1776 expositiones:
891 1711 1138 1782 anteexaetnne

89 1777 203 1856 diem,
236 1786 317 1849 uate
331 1711 478 1862 11111111
500 1771 611 1857 'dieue
669 1775 743 1840 vid.
775 1779 934 1848 Antonin.
965 1787 1137 1872 Augustin.
1278 1866 1279 1874 ἵ

88 1860 266 1926 Emendat.
281 1863 313 1940 4,
336 1863 368 1925 6.
403 1857 620 1923 Schwatztue
636 1858 670 1922 in
686 1859 894 1943 Tursetlino,
915 1867 1139 1938 Ruddimann.
1208 1875 1213 1892 ‘
1247 1883 1255 1890 '

91 1947 138 2011 Τ.
164 1951 205 2012 2.,
218 1969 254 2034 p.
277 1949 351 2010 291.
387 1943 896 2039 1111111111(111.·Ρ.’81111.’Ῥ.
917 1959 990 2019 121.
1017 1955 1140 2024 Rame-

89 2031 206 2096 hornii
222 2031 373 2095 Gramm.
390 2053 424 2117 p.
441 2031 516 2094 247.
559 2027 599 2092 In
623 2051 687 2116 qua
710 2033 868 2119 opinione
891 2041 1002 2104 neseio
1025 2051 1163 2112 utram
1197 2064 1200 2072 ¹

91 2117 198 2204 magis
222 2115 373 2204 ellipseos
399 2114 601 2200 analogiam,
632 2137 674 2178 an
697 2128 807 2216 aptam
832 2124 979 2190 notionis
1000 2125 1140 2192 oonlor-
1231 2161 1240 2184 s

90 2202 278 2286 mationem
301 2199 490 2266 desiderem.
540 2199 591 2262 Ad
615 2199 786 2267 subtiliora
810 2207 961 2294 confugit
981 2211 1141 2278 Draken-
1208 2237 1217 2242 ⁵

90 2285 268 2367 borchius:
293 2285 421 2350 nullum
437 2283 638 2348 traiectionis
655 2287 855 2368 esselooum,
877 2295 934 2358 sed
951 2297 985 2359 in
995 2295 1143 2363 formula

93 2399 135 2440 ex
151 2383 233 2437 onte
249 2371 341 2446 diem
357 2371 511 2457 quintum
532 2369 766 2458 idus-ellipsin
796 2377 923 2464 expleri
942 2379 1058 2447 debere
1080 2406 1142 2473 per
1251 2381 1255 2393 ’

92 2459 194 2530 verba
209 2481 249 2523 ex
268 2457 325 2522 die
349 2455 548 2522 antediem.
591 2454 674 2541 Vide
700 2479 776 2524 eum
793 2461 835 2530 ad
848 2463 917 2528 Liv·
939 2469 980 2531 45
991 2492 1004 2548 ‚¹
1023 2471 1065 2550 2,
1088 2474 1142 2534 12.
1306 2529 1310 2536 .

94 2544 256 2610 Similiter
268 2543 295 2608 I.
311 2539 380 2607 rFr.
405 2541 593 2606 Gronovius
611 2540 647 2605 in
666 2541 772 2630 Epist.
801 2547 841 2611 ad
858 2549 994 2616 Salmas.
1015 2553 1107 2640 Syllo
1133 2599 1143 2617 .
1182 2585 1187 2594 ¹
1231 2619 1240 2629 ,

92 2633 275 2697 Burmann.
294 2632 368 2693 818.
384 2625 427 2690 Τ.
437 2632 468 2692 2.
485 2649 519 2714 p.
528 2629 602 2692 562.
618 2627 663 2692 ita
666 2629 855 2777 praecipit:
878 2649 960 2702 ante
977 2637 1069 2703 diem
1083 2577 1149 2706 ΙῗΙ

95 2715 164 2782 eal.
187 2711 455 2780 iam-concisum
483 2734 552 2776 esse
576 2735 639 2810 pro
689 2715 717 2778 11
741 2719 923 2784 antediem
947 2723 1081 2788 tertium
1101 2725 1142 2789 ab
1231 2765 1236 2770 -

96 2800 188 2878 hoc,
212 2821 277 2885 quo
303 2806 380 2860 sunt
399 2795 556 2860 'calendae
577 2799 730 2862 ianuarii:
761 2802 928 2868 delendos
950 2808 1088 2898 adiungi
1104 2809 1146 2880 ad
1206 2805 1208 2810 ’
1306 2879 1308 2884 ,

97 2887 240 2964 tertium
255 2884 347 2948 diem
359 2903 420 2969 per
435 2880 697 2967 appositionem:
716 2884 772 2947 sed
790 2885 847 2950 die
864 2891 965 2957 tertio
980 2893 1146 2972 calendas
1222 2895 1227 2900 ’
1307 2947 1312 2960 .

95 2995 161 3063 per
179 2971 309 3056 ellipsin
327 2968 391 3032 diei
407 2967 495 3038 voois
515 2976 613 3030 aute:
635 2965 721 3031 hane
736 2969 837 3054 igitur
852 2976 1017 3043 rationem
1034 2981 1147 3046 abillo
1225 3002 1227 3006 ·

96 3059 263 3124 diversam
288 3077 374 3128 esso,
403 3073 472 3116 non
497 3049 787 3138 significationem:
823 3057 968 3147 denique
986 3061 1056 3128 n'on
1081 3065 1146 3129 diei
1245 3071 1252 3090 ²

95 3165 197 3234 posse
218 3143 258 3213 in
273 3151 354 3204 ante
371 3137 479 3218 diem,
503 3138 567 3201 nisi
580 3137 781 3228 intelligatur
796 3163 920 3210 nomen
937 3149 974 3213 in
992 3147 1049 3213 die
1065 3161 1147 3216 unte

97 3230 204 3295 diem.
226 3223 947 3313 81111111111111111111Ε11111.12411125,
969 3233 1149 3322 etellipsin
1180 3245 1183 3250 ’
1225 3283 1231 3302 .

97 3311 254 3384 vocabuli
269 3310 326 3374 die
344 3319 376 3373 et
392 3308 628 3396 appositionis,
659 3311 694 3374 iri
714 3333 778 3398 qua
796 3317 940 3402 aequalia
959 3319 1148 3386 desideren.

98 3413 176 3476 tur,
215 3395 381 3462 defectum
408 3393 606 3482 repudians,
633 3417 847 3483 ‘quamquam
873 3403 984 3485 omnia
1011 3427 1048 3470 ea
1073 3417 1149 3473 ante
1231 3487 1232 3492 γ

60 3509 62 3514 ’
99 3485 220 3551 ocellos
234 3481 367 3561 habuit,
392 3501 475 3566 quae
499 3479 535 3544 in
558 3487 682 3544 rectam
707 3483 793 3547 viam
819 3485 979 3554 deducere
1000 3503 1148 3577 possent,
1299 3547 1302 3558 ,

100 3570 247 3636 deflectit
263 3579 373 3630 tamen
387 3584 500 3628 rursus
525 3561 567 3628 ad
591 3566 765 3716 opiniones
788 3567 886 3637 falsas
913 3585 946 3638 et
969 3575 1150 3644 incredibi-

97 3659 168 3724 lesz
186 3657 223 3719 in
240 3653 345 3719 vorbis
361 3648 418 3726 die
442 3649 544 3713 tertio
569 3672 609 3714 ea
626 3651 733 3716 endas
756 3663 789 3718 et
807 3659 946 3723 tertium
969 3659 1061 3725 diem
1086 3685 1150 3729 ea-

99 3739 227 3808 lendus
244 3759 312 3802 esse
328 3746 409 3800 unte
426 3735 604 3815 omissum:
628 3737 817 3811 antediem
831 3745 970 3809 tertium
984 3747 1152 3814 colendu-
1266 3780 1271 3790 ’

98 3837 182 3896 'rum
202 3820 384 3911 significare
406 3817 495 3884 idem
518 3821 608 3904 quod
637 3819 694 3886 die
725 3827 826 3890 tertio
859 3840 940 3894 ante
966 3823 1177 3899 calendas.-¹

101 3911 247 3996 donique
262 3928 374 3990 errore
394 3915 426 3970 et
441 3903 544 3968 abusu
556 3903 682 3970 factum
698 3929 777 3988 esse,
794 3921 831 3974 ut
843 3925 1021 4002 utrumque
1037 3917 1151 4006 genus,

102 3993 288 4065 antediem
305 3991 444 4056 tertium
454 3988 677 4054 calendarum
689 3991 720 4056 et
732 3992 824 4060 diem
833 4001 972 4064 tertium
989 4015 1069 4068 ante
1086 4027 1150 4068 ea-

101 4079 444 4158 nredus-misceretur
460 4097 496 4140 ae
514 4073 677 4142 diceretur
690 4089 771 4144 aute
785 4081 876 4150 diem
884 4083 1022 4152 tertium
1033 4088 1153 4152 caten»
1173 4129 1175 4136 ,
1257 4087 1259 4098 '

52 4201 57 4207 ¹
104 4169 188 4236 das.
242 4163 345 4247 Quae!
363 4161 477 4228 omnia
498 4158 574 4227 ideo
601 4184 851 4264 commemoro,
874 4181 933 4248 ut,
964 4193 1032 4258 quo
1048 4171 1151 4240 ¹irrito
