2760 4748
115 332 118 336 ·
227 316 296 380 882
404 347 408 356 .
643 302 780 386 ‘'AN.

110 491 123 541 J
154 489 156 494 ·
227 491 281 534 res
305 467 348 532 sit
371 463 462 542 talis,
489 485 531 528 an
554 461 627 528 alia.
682 457 850 525 Sententia
864 457 964 546 igitur
977 458 1272 528 haee-disiunctiva

131 542 136 555 ¹
229 567 295 635 est,
315 553 451 639 ipsaque
470 543 685 634 interrogatio
700 545 773 610 boc*
787 545 890 610 modo
914 544 1001 609 lacta
1017 546 1191 632 duplicem.
1207 548 1272 613 ha-

228 640 285 706 bet
299 645 447 724 partem,
469 635 537 699 sive
560 633 665 698 verbis
685 654 893 719 expressam,
917 632 985 696 sive
1007 653 1079 694 non
1102 631 1272 720 significa-

226 735 309 798 tam.
349 713 435 786 Nam
454 719 512 806 qui
528 719 653 805 quaerit
663 718 817 802 peremne
830 715 932 784 santi
955 727 988 781 et
1002 740 1049 780 an
1070 717 1124 782 ite
1147 719 1271 782 existi-
1331 781 1337 792 ,

182 855 189 866 ,
227 804 328 873 mas?
345 806 468 892 cogitat
482 804 562 870 haec
581 803 699 892 plena:
720 803 839 890 pauci,
863 825 906 866 an
927 823 997 866 non
1013 805 1111 888 pauci
1123 804 1191 868 sint
1211 826 1273 869 ne·

168 909 174 916 ·
228 891 318 970 scio,
343 903 457 956 utram
476 890 587 973 aliter5
606 911 647 953 an
670 889 715 952 ita
732 888 896 952 existimes
920 887 1059 954 dubitor.
1085 910 1188 974 quare
1210 890 1271 954 de-

228 985 342 1055 cerne,
365 987 479 1040 utrum
494 976 547 1039 sit.
588 973 813 1071 Respondenti
826 974 926 1060 igitur
936 995 1069 1060 semper
1087 996 1128 1038 ex
1142 974 1270 1040 duabus

227 1063 280 1129 vel
296 1061 448 1151 pluribus
461 1060 559 1125 rebus
573 1081 638 1130 una
654 1069 703 1124 est
720 1059 883 1147 eligenda,
907 1058 1029 1146 illeque
1041 1069 1097 1122 cut
1110 1058 1269 1137 affirmat,

183 1221 186 1227 ¹
228 1159 284 1216 aut
305 1157 413 1235 negat.
457 1144 672 1210 contrahitur
696 1155 805 1209 autem
835 1142 916 1209 hacc
931 1145 1123 1230 quaerentis
1149 1147 1269 1222 oratio,

227 1257 289 1299 nee
312 1234 412 1320 plena
436 1231 542 1296 verbis
568 1230 748 1317 exponitur
765 1231 805 1294 iis
824 1231 972 1307 emissis,
1003 1251 1088 1318 quae
1109 1227 1207 1296 facile
1225 1254 1270 1296 ex

227 1320 328 1386 altera
341 1317 518 1382 sentcntiae
534 1326 628 1402 parte
641 1314 879 1400 intelliguntur.

271 1467 273 1472 .
311 1403 349 1468 In
363 1403 634 1468 latinc'sermone
651 1400 880 1488 distinguimus
901 1401 1025 1488 triplex
1048 1399 1146 1464 buius
1162 1401 1270 1466 inter-

228 1490 408 1580 rogationis
430 1509 550 1575 gonus:
580 1486 615 1552 id
637 1486 727 1574 quod
749 1489 820 1574 ipsa
842 1487 960 1554 dubiae
974 1486 1184 1574 cogitationis
1208 1509 1268 1552 aa·

215 1578 304 1642 'tura
323 1575 396 1640 ficri
419 1574 522 1638 iubet.
574 1573 721 1638 Primum
748 1573 839 1638 enim
861 1583 1097 1661 proponuntur
1119 1572 1203 1636 duae
1219 1595 1269 1640 res

152 1740 154 1744 ¹
228 1685 331 1749 aeque
353 1660 487 1742 dubiae,
524 1679 662 1746 quarum
690 1659 934 1722 alteramutram
963 1680 1033 1724 csse
1065 1657 1269 1724 decernatur.

227 1749 303 1814 Hoc
325 1747 423 1834 plene
437 1746 632 1832 exprimitur
648 1745 753 1808 verbis
778 1757 892 1809 utram
908 1780 951 1794 -
965 1769 1032 1827 un,
1061 1744 1132 1824 vel,
1149 1745 1269 1810 omissa

227 1834 264 1898 in
290 1832 396 1920 priori
422 1841 516 1919 parte
537 1829 697 1918 particula
721 1829 1006 1918 interrogationis,
1038 1831 1179 1919 ponitur
1201 1830 1269 1896 dis-

228 1917 411 1984 iunctivum
427 1912 624 1982 vocabulum
650 1939 716 1997 ac,
736 1915 788 1981 vel
807 1916 844 1980 in
871 1916 1015 1981 breviata
1036 1929 1073 1980 a'e
1098 1927 1269 1982 contracta

228 2003 380 2068 oratione
394 2000 592 2091 significatur
605 2023 666 2088 per
686 2001 929 2072 voculationem
946 2002 1114 2091 aliquanto
1131 2025 1269 2090 suspen·
1362 2035 1363 2038 ¹

60 2125 64 2138 ·
134 2146 139 2157 .
227 2081 310 2172 sain,
330 2110 362 2154 a.
379 2110 410 2152 e.
431 2085 553 2176 infelix
572 2099 621 2152 est
639 2085 840 2168 Fabricius,
860 2086 950 2174 quod
966 2111 1025 2153 rus
1040 2085 1271 2176 suumfodit?

227 2174 342 2256 senec.
364 2165 408 2239 ‘de
428 2176 526 2240 Pror.
548 2179 580 2238 3.
622 2169 694 2247 Ne,
713 2173 822 2270 ‚quod
846 2195 912 2262 pro
933 2185 1091 2240 simmae
1120 2175 1268 2262 ponitur,

17 2261 19 2264 ’
105 2309 108 2313 -
226 2261 369 2349 simplex
395 2259 738 2352 estinterrogatioms
760 2269 862 2344 nota,
885 2255 1156 2350 necquidquam
1182 2257 1268 2328 aliud
1362 2287 1363 2294 ¹

213 2687 362 2756 titteris
384 2684 515 2774 pondu's
535 2686 639 2774 magis
663 2682 851 2771 gravescere
872 2687 978 2769 videt,

226 2345 399 2434 signifieat.
450 2359 453 2382 ²
903 2407 908 2410 .

169 2459 176 2466 ·
309 2430 349 2496 In
370 2431 433 2495 hac
455 2453 534 2497 vcro
560 2430 713 2519 ambigua
734 2429 938 2506 dubitatione
954 2449 1058 2519 qoam
1081 2431 1212 2496 animus
1229 2453 1268 2495 ex

227 2516 352 2581 duabus
369 2515 467 2580 rebus
483 2537 585 2580 unam
602 2516 720 2604 eligere
733 2527 766 2581 ct
781 2515 1063 2604 comprehendere
1076 2516 1202 2596 tendat,
1217 2513 1268 2580 fa·
1282 2532 1295 2560 “·
1361 2515 1362 2520 ’

226 2601 289 2666 cile
306 2600 500 2680 adulteram
516 2611 646 2689 partem
665 2599 820 2676 dellcetit,
835 2613 867 2666 et
883 2603 919 2666 in
943 2623 1006 2690 qua
1024 2611 1121 2752 ἕξεί
1140 2601 1268 2700 prabe-

1012 2710 1029 2752 a
1122 2697 1267 2754 ationem

227 2772 280 2840 vel
302 2773 509 2860 negationem
534 2784 609 2838 ante
632 2782 790 2860 occupat,
817 2794 918 2861 quam
940 2773 983 2838 de
1001 2773 1136 2838 veritate
1151 2773 1267 2838 decra-

167 2872 171 2883 “
228 2868 301 2922 tum
325 2868 405 2922 est..
432 2858 526 2924 Talis
549 2859 649 2947 igitur
667 2858 881 2947 interrogatio
903 2858 1042 2924 alterum
1063 2850 1267 2946 probabilius

228 2965 267 3010 ac
282 2964 396 3008 verum
411 2965 479 3009 esse
491 2941 689 3033 praesumit,
709 2943 836 3030 sibique
855 2943 1036 3010 admixtam
1054 2942 1152 3010 habet
1173 2942 1267 3010 affir-
1360 2931 1361 2958 ¹

118 3063 152 3093 .·
201 3030 408 3110 'mationem
425 3029 476 3094 vel
497 3031 723 3118 negationem,
751 3051 868 3115 quam,
892 3031 949 3116 qui
993 3030 1114 3109 uaerit,
1142 3051 1186 3093 ex
1209 3051 1266 3092 sua
1360 3073 1361 3119 4

156 3127 167 3141 “
228 3115 389 3180 sententia
401 3116 622 3204 propositam,
645 3113 744 3178 etiam
759 3113 801 3177 ab
814 3115 884 3179 aliis
902 3137 941 3179 co
990 3124 1132 3180 rmatam
1147 3113 1268 3186 hahere
1314 3137 1318 3142 ·

139 3199 142 3208 ¹
174 3194 185 3216 i
213 3200 347 3288 ‘rult'ct
363 3210 541 3285 exspectat.
584 3201 662 3282 Quo
688 3197 823 3284 quidem
837 3199 943 3270 modo
958 3199 1055 3272 alteri
1092 3199 1154 3263 arti
1202 3221 1266 3262 on-

228 3285 288 3347 das
303 3283 540 3370 probabilitatis
560 3283 709 3364 additur,
732 3283 826 3348 alteri
839 3283 1034 3365 detrahitur,
1059 3221 1266 3370 ritqaahanc

227 3369 338 3433 iudicii
354 3369 602 3454 occupationem
618 3368 745 3446 Latini,
761 3369 820 3434 ubi
843 3369 885 3434 ad
900 3369 1168 3436 affirmationem·
1181 3391 1266 3457 pro-

227 3454 302 3541 pius
319 3453 491 3534 accedunt,
514 3455 727 3542 prioremque
748 3455 1015 3542 interrogationis
1036 3466 1165 3544 partem
1187 3454 1266 3520 effe-

182 3592 183 3598 ,
226 3550 323 3621 runt,
349 3537 451 3605 verbo
465 3562 575 3604 aenne
597 3542 807 3626 exprimunt,
834 3541 902 3606 sire
925 3563 1009 3605 aas
1053 3551 1167 3626 uetur,
1198 3541 1265 3606 sive

227 3646 296 3688 non
312 3635 484 3712 sequatur,
504 3634 537 3689 et
551 3625 674 3688 omisso
690 3624 856 3690 vocabulo
875 3649 961 3708 noe,
983 3563 1091 3692 villis
1103 3650 1147 3692 ne
1158 3661 1204 3676 -·
1219 3647 1266 3690 cn

227 3708 278 3772 vel
293 3729 358 3773 una
367 3732 445 3776 voce
457 3732 518 3773 aa:
542 3709 628 3775 velut
636 3719 792 3796 putasne
802 3733 855 3774 me
868 3707 1089 3798 hoofaeisse?
1105 3711 1264 3798 quodem,

228 3817 270 3859 ex
285 3817 359 3881 mea
375 3795 533 3883 opiniope
546 3804 661 3882 putas:
684 3795 772 3860 itane
782 3794 853 3864 cst‘l
873 3795 911 3860 ln
926 3795 988 3881 hac
1003 3797 1103 3884 igitur
1116 3799 1265 3862 interro-

227 3881 358 3984 gatione
374 3881 468 3966 prior
481 3902 556 3967 pars
569 3879 731 3959 -ellertur,
753 3879 894 3946 secunda
912 3882 1050 3948 recedite
1072 3903 1175 3970 quare
1190 3883 1264 3971 ple·

103 3985 106 3991 ’
167 3997 169 4004 ’
225 3987 366 4053 rumque
388 3964 469 4028 hacc
491 3965 658 4030 omitti-tur
678 3967 786 4031 etiam.
835 3967 899 4030 Vbi
922 3979 1031 4034 autem
1054 3968 1263 4056 negationem

144 4115 148 4132 ,
226 4062 300 4116 ante
316 4059 508 4138 occupatam
526 4049 667 4130 habent,
689 4061 722 4128 ct
738 4062 928 4137 exspectant
941 4053 1146 4141 illud,.quod
1162 4076 1262 4142 quae·
1357 4037 1358 4102 i

225 4147 322 4219 runt,
341 4158 410 4204 noa
425 4157 510 4212 esso,
527 4135 585 4202 sed
600 4137 704 4223 magis
715 4136 824 4204 valere
836 4135 974 4206 alteram
983 4187 995 4222 ,
1010 4139 1100 4226 quod
1116 4140 1261 4206 secundo
