2760 4748
259 367 322 432 370
456 409 464 424 .
649 395 652 400 ·
720 354 850 426 ANTE.

343 522 376 583 7.
418 515 468 582 De
489 537 526 579 re
546 510 711 579 anteacta
736 514 789 578 vel
811 523 887 578 ante
912 511 1040 597 agenda
1060 509 1188 600 duplici
1202 511 1312 578 modo

260 606 441 692 loquimur.
473 601 585 664 Primo
602 599 712 685 ipsum
731 607 863 686 tempus
879 598 1102 683 antepositum
1117 608 1311 685 spectamus

261 693 327 756 sive
342 712 403 778 per
418 709 452 752 se
473 685 756 766 constituendum,
780 686 847 748 sive
869 681 985 758 exeo,
1017 684 1106 770 quod
1128 706 1193 748 nos
1213 694 1311 748 tene-

219 815 223 820 ,
260 798 347 856 mus,
368 771 527 860 temporis
544 780 668 858 puncto
686 769 964 834 commetiendum
981 769 1035 848 ita,
1057 777 1096 830 ut
1108 791 1183 832 rem
1200 779 1311 834 actam

262 862 303 926 ad
320 861 398 926 illud
414 869 558 943 tempus,
575 875 641 918 una
655 857 793 919 notione
815 854 1105 941 comprehensum,
1123 853 1309 918 transfera-

261 962 351 1021 mus,
378 956 410 1010 et
424 944 535 1030 ipsum
553 950 867 1040 tempus‘tam'quam
890 961 962 1004 rem
984 940 1207 1026 antepositam
1225 963 1309 1004 con-

262 1033 454 1098 sideremus.
497 1027 584 1091 Nam
601 1046 704 1112 quum
720 1025 859 1091 dicunus
874 1037 955 1088 unte
971 1023 1089 1102 lucem,
1111 1035 1194 1089 ante
1209 1023 1307 1090 bieu—

262 1119 376 1198 mum,
405 1125 486 1180 uate
509 1111 625 1176 decem
650 1133 776 1191 anuos,
800 1109 1011 1197 intelligimus
1034 1121 1168 1258 tempus
1194 1111 1307 1198 ipsum

264 1213 339 1268 ante
357 1211 507 1266 exortam
522 1197 650 1276 lucem,
678 1207 852 1281 antequam
867 1196 1036 1262 biennium
1052 1205 1084 1258 et
1121 1217 1215 1260 ecem
1230 1197 1306 1260 anni

262 1288 417 1354 transacti
429 1284 501 1354 ,sint
508 1331 519 1363 ,
549 1278 683 1346 definita
706 1283 868 1369 temporis
892 1280 1020 1344 duobus
1042 1281 1194 1345 terminis
1223 1304 1306 1346 con-

264 1373 346 1438 clusi
369 1369 526 1447 notione,
557 1387 639 1454 quae
666 1365 764 1430 etiam
784 1366 834 1430 rei
859 1369 995 1431 nomine
1018 1387 1060 1430 ex
1085 1366 1162 1430 rimi
1184 1377 1306 1452 potest,

263 1457 364 1526 veluti
388 1466 468 1521 aute
489 1451 631 1517 bellum:
653 1451 936 1516 ‘transscendimus
962 1473 1002 1515 ue
1024 1474 1042 1514 a
1081 1451 1194 1537 ipsum
1211 1451 1305 1516 buius

263 1544 426 1632 temporis
441 1539 633 1603 terminum.
677 1536 788 1616 Quare
807 1537 864 1622 qui
885 1536 930 1600 ita
938 1474 1115 1623 loquitur,
1142 1545 1216 1602 rem
1241 1559 1305 1602 no-

263 1628 458 1698 miuandam
471 1621 629 1690 transfert
642 1621 684 1685 ad
701 1619 785 1686 illud
798 1621 1022 1709 antepositum
1036 1631 1186 1708 tempus,
1208 1622 1305 1710 idque

183 1730 185 1740 ·
264 1738 341 1781 cum
357 1735 417 1778 suo
440 1725 609 1798 tempore,
640 1706 694 1772 vel
712 1727 789 1771 cum
815 1717 986 1794 tempore,
1013 1707 1049 1772 in
1069 1729 1136 1792 quo
1156 1707 1212 1794 qui
1236 1731 1304 1774 rem

263 1801 387 1868 saetam
401 1806 515 1862 narrat
532 1801 695 1872 versatur,
720 1793 903 1880 componit.
952 1791 1043 1856 Tum
1069 1815 1149 1857 vero
1173 1791 1304 1858 aliaest

263 1885 369 1961 ratio,
390 1901 492 1967 quum
509 1878 589 1942 duas
609 1900 661 1943 res
676 1886 762 1941 actas
778 1899 1027 1965 comparamus,
1056 1897 1238 1965 earumque
1254 1879 1304 1946 di·

149 1995 153 2002 ·
264 1969 417 2034 stantiam
441 1963 604 2051 temporis
627 1961 763 2027 aomina
784 1955 1002 2050 designamus.
1044 1963 1193 2028 Dicimus
1217 1965 1303 2028 enim

266 2055 383 2120 decem
398 2061 478 2116 ante
495 2049 721 2124 anateszelni
736 2046 992 2132 labruscarum,
1016 2058 1055 2112 ut
1071 2051 1231 2114 sententia
1246 2049 1300 2114 sit:

267 2141 381 2204 decem
402 2135 495 2200 aunis
520 2144 694 2220 antequam
723 2131 806 2198 illud
829 2132 955 2197 lactum
978 2143 1041 2198 est:
1073 2135 1201 2221 paucis
1227 2147 1303 2200 unte

267 2225 384 2291 diebus
407 2223 428 2287 i.
446 2225 474 2286 e'.
496 2220 607 2308 paucis
623 2218 736 2284 diebus
756 2218 935 2284 antehacc.
981 2220 1092 2300 Quum
1116 2221 1225 2306 priori
1249 2222 1303 2286 illa

262 2313 411 2377 'dictione
426 2318 514 2388 utor,
536 2305 699 2370 versoria
714 2305 787 2403 ipso
803 2315 871 2368 tem
896 2326 966 2380 ore,
985 2305 1076 2368 auitas
1095 2315 1225 2369 certum
1238 2317 1302 2371 ter·
1362 2337 1363 2369 a

186 2457 193 2470 x
266 2398 508 2462 minumteneo
526 2392 560 2454 in
601 2401 775 2457 raesentra:
796 2328 964 2478 perituro
987 2389 1123 2454 alteram
1146 2413 1221 2456 com
1250 2415 1302 2456 aro
1361 2461 1362 2466 γ

268 2482 348 2545 duas
362 2500 415 2541 res
429 2413 608 2562 temporali
627 2476 774 2556 ratione,
799 2495 898 2560 quam
923 2475 1030 2543 Latini
1053 2485 1085 2540 et
1106 2499 1170 2563 per
1192 2415 1301 2541 ablati·
1360 2467 1362 2548 ,¹

265 2586 359 2632 vumv
383 2571 415 2626 et
449 2582 511 2648 per
548 2561 766 2624 accusativum
806 2561 1012 2646 exprimunt,
1061 2561 1159 2626 sicuti
1195 2563 1302 2628 dicunt
1360 2555 1361 2613 1

267 2649 391 2718 abhinc
413 2645 528 2724 decem
553 2643 653 2708 uanis
678 2654 710 2708 et
732 2641 854 2708 oblaiac
877 2644 993 2710 decem
1016 2669 1136 2712 anans.
1188 2647 1229 2712 In
1253 2649 1301 2712 illa
1359 2673 1360 2735 t

267 2749 350 2802 ante
366 2743 415 2796 est
436 2729 658 2819 praepositio,
687 2729 806 2794 indiae
828 2729 1036 2797 adverbium:
1065 2754 1146 2796 nam
1167 2733 1301 2824 elliptiea

178 2879 182 2892 ,
267 2822 335 2886 sive
349 2819 492 2882 breviata
510 2827 559 2881 est
574 2815 732 2880 orationis
751 2813 873 2880 forma.
914 2819 1022 2902 Atque
1039 2839 1133 2894 eum,
1157 2820 1300 2904 quinar—
1358 2813 1359 2859 t

265 2917 335 2988 rat,
356 2903 413 2966 ubi
429 2904 468 2966 ad
486 2924 583 2967 suum
599 2912 730 2988 tem'pus
746 2899 846 2966 refert
863 2900 1006 2988 aliquam
1020 2897 1237 2987 rem‘actam,
1259 2904 1300 2969 di·
1357 2957 1358 2981 ,

267 3007 340 3066 cere
364 2999 498 3076 oportet
522 2998 602 3052 onte
625 2987 754 3073 aliquot
781 2985 870 3069 dies,
910 2985 981 3050 vor'
999 2988 1138 3076 einigen
1172 2989 1298 3079 Tagen.

267 3065 332 3144 Sed
347 3074 404 3138 ubi
419 3097 491 3138 rem
510 3073 651 3159 aliquam
676 3071 715 3134 ad
745 3071 879 3136 alteram
900 3075 1141 3160 remptionem
1166 3076 1299 3154 coul'crt,
1356 3057 1357 3104 l

268 3163 398 3249 aliquot
416 3157 531 3222 diebus
546 3167 636 3220 ante.
682 3156 793 3236 Quare
806 3157 878 3232 illa,
904 3178 986 3242 quae
1002 3159 1152 3224 Bromius
1169 3162 1212 3225 ad
1222 3163 1299 3226 Gor·
1355 3155 1356 3225 l

266 3247 333 3310 nel.-
351 3245 424 3307 Dat.
443 3247 494 3305 11.
518 3240 679 3304 subtiliter
699 3242 945 3324 animadvertit,
980 3243 1121 3330 plurima
1146 3269 1191 3311 ex
1202 3255 1299 3334 ‘parte
1354 3265 1355 3348 q

180 3333 225 3383 -”
266 3349 343 3395 vera
364 3334 458 3406 sunt,
487 3347 591 3411 nequo
621 3347 658 3390 ea
681 3326 831 3415 exempla
857 3327 1013 3406 obstant,
1058 3351 1117 3394 uae
1142 3333 1301 3397 contraria

165 3464 171 3474 .
268 3437 337 3478 esse
365 3410 566 3476 Schmidtius
593 3412 784 3498 nuperrime
805 3412 840 3476 in
860 3352 1072 3500 Ephemerid.
1096 3416 1231 3482 llalens.
1253 3438 1299 3481 an.

269 3502 363 3564 1826.
382 3517 417 3560 n.
434 3498 824 3576 tib-commemoravit:
857 3507 934 3562 suut
957 3501 1045 3564 enim
1067 3522 1106 3566 ea
1130 3504 1246 3566 omnia
1266 3501 1301 3565 de

160 3584 168 3604 ⁸
267 3581 509 3672 temporeipso
527 3581 622 3644 dicta.
665 3579 751 3644 lllud
774 3603 852 3646 vero
876 3593 950 3648 ante
976 3586 1088 3650 omnia
1109 3587 1301 3674 ponendum

72 3676 77 3685 '
268 3679 337 3733 erat
351 3679 518 3752 tamquam
534 3663 731 3750 quaestionis
752 3665 972 3755 principium,
1003 3670 1057 3734 ubi
1072 3669 1111 3736 de
1126 3673 1203 3760 ipso
1219 3685 1300 3738 tcm-

267 3765 353 3902 p'ore
367 3761 498 3837 agatur,
527 3750 626 3836 idque
641 3750 775 3816 notione
789 3773 854 3816 una
872 3764 903 3818 et
920 3754 1065 3820 absoluta
1080 3759 1300 3856 comprehen-

293 3847 385 3918 atur,
408 3836 451 3900 ob
468 3855 541 3900 eam
557 3853 721 3917 caussam,
747 3857 847 3922 quam
862 3841 1016 3926 exposui,
1044 3841 1142 3906 etiam
1157 3865 1194 3906 m
1208 3844 1298 3908 rebus

266 3921 449 4012 praeteritis
464 3941 561 3984 usum
575 3921 829 4070 praepositionis
848 3925 1002 4001 concedi,
1018 3947 1124 4012 neque
1140 3927 1299 3993 discedere

268 4008 308 4074 ab
326 4007 475 4072 universa
496 4004 624 4070 ratione
675 4005 805 4072 elleium
825 4013 865 4089 2,
887 4015 965 4090 112,
989 4014 1022 4074 7.
1044 4011 1107 4075 boo
1122 4034 1201 4076 vero
1216 4025 1297 4078 tem-

262 4091 530 4180 poreAgn'ppa,
546 4090 604 4178 qui
618 4091 735 4156 eodem
747 4091 821 4173 die,
844 4115 908 4180 quo
919 4093 1092 4195 Ἰῖὂεζίκε,
1114 4097 1296 4186 artoptam

267 4177 311 4246 ab
326 4199 389 4247 ooo
406 4176 637 4244 sua'uotaroli
658 4175 715 4242 die
738 4187 771 4244 et
788 4179 862 4244 iam
883 4191 964 4252 aare
983 4178 1167 4270 caeninam,
1189 4183 1296 4272 malis
