2784 4746
100 1765 105 1776 '
209 1779 283 1820 nus.
303 1755 479 1820 Boeoierus
495 1756 527 1817 in
548 1757 702 1820 omnibus
716 1758 875 1844 exemplis
892 1756 976 1820 nihil
990 1757 1022 1820 vi

96 307 346 396 11114Υ
546 269 550 284 '
689 297 814 366 Aous

287 470 332 523 te,
355 467 384 512 et
404 454 495 508 cuncti
516 446 688 508 celebremus
703 455 842 510 honorem.
875 456 984 508 Terent.
1005 452 1090 513 Andr,
1108 452 1142 517 5,
1166 451 1200 518 2,
1218 449 1263 504 25.

286 565 339 618 age
355 534 505 595 nunciam.
524 557 590 608 quoe
614 559 683 606 non,
712 551 742 591 nt
760 540 914 592 videbantur
936 541 1054 592 Bentleio
1079 539 1132 608 (ad
1149 538 1262 606 Adelph.

282 630 315 695 5,
342 625 376 692 4,
403 625 482 694 23),
507 626 650 676 cohaerent
676 643 735 676 cum
756 625 836 676 verbo
860 625 1023 692 ostendam,
1054 626 1102 678 sed
1127 625 1262 684 Chremes,

284 732 363 784 quum
384 714 500 775 Dromo,
523 713 719 786 quaedaceret,
736 712 870 776 iussisset,
898 710 986 782 addit:
1018 710 1073 784 'age
1098 731 1170 764 nuno
1194 711 1261 776 iam.

284 802 302 852 i.
319 819 342 852 e.
368 815 424 849 nun
445 795 547 849 mac-iic.
581 797 624 848 Sic
649 798 678 848 in
698 797 819 847 formulis
843 815 914 868 ago,
939 797 1050 868 siquid
1070 799 1141 868 agis.
1175 795 1263 851 Plaut.
1369 807 1384 864 ¹,

282 885 357 937 Trio.
373 881 406 947 4,
424 883 458 946 2,
478 881 536 934 139.
555 883 635 933 Stich.
651 879 683 943 5,
702 879 736 945 4,
751 880 794 934 35.
811 900 879 952 age,
895 890 927 932 ut
944 879 1041 956 lubet.
1055 883 1162 932 Terent.
1177 879 1262 930 Andr.

282 971 315 1033 2,
343 969 375 1032 1,
402 955 442 1018 10.
460 959 528 1037 ρέα,
555 968 652 1020 artis.
682 957 765 1018 Fiant.
788 968 846 1018 Cas.
868 966 903 1030 2,
920 965 954 1030 6,
973 963 1017 1020 53.
1040 977 1067 1019 et
1087 967 1182 1018 similia
1198 966 1261 1016 alia.

283 1056 340 1106 Mil.
355 1053 389 1120 4,
411 1055 443 1117 2,
460 1052 503 1105 33.
522 1055 598 1128 ·Pers.
611 1049 644 1115 4,
662 1052 696 1117 4,
714 1049 758 1103 58.
783 1053 840 1104 Ges.
853 1052 889 1115 2,
906 1050 940 1115 8,
958 1049 1002 1106 52.
1022 1047 1193 1122 agemodus
1206 1045 1262 1120 fa-

282 1138 433 1192 bricamini.
451 1139 522 1207 quod
537 1149 577 1189 est
588 1133 640 1205 fae
655 1137 757 1190 modo.-
778 1135 921 1192 immerdin
934 1136 999 1190 thee
1017 1155 1054 1191 es.
1070 1139 1178 1188 Terent.
1190 1137 1260 1187 Eun.

258 1263 260 1267 -
278 1225 312 1287 2,
331 1223 364 1286 2,
381 1220 424 1286 51,
441 1243 494 1294 age
508 1223 591 1275 modo
603 1237 701 1275 r'nuuc
719 1219 772 1278 ribi
786 1233 886 1293 patent
899 1221 951 1275 das
961 1215 1057 1292 fores.

161 1385 162 1388 ,
214 1326 276 1390 Sed
295 1326 351 1388 ubi
371 1320 555 1413 simplicem
579 1325 743 1412 excitandi
767 1327 817 1390 vel
838 1318 1036 1391 adhortandi
1059 1323 1112 1390 vel
1135 1345 1258 1388 conoe-

212 1412 311 1476 dendi
328 1422 360 1476 et
384 1411 584 1500 corripiendi
607 1411 879 1498 significationem
905 1410 1054 1490 exhibet,
1084 1433 1152 1498 age
1174 1433 1259 1474 con-

125 1561 131 1574 ,
210 1496 479 1562 iunctionislooo
506 1497 661 1586 ponitur,
685 1499 826 1586 ideoque
850 1498 979 1566 additur
1003 1497 1037 1561 'et
1057 1497 1256 1584 imperativo

84 1655 87 1663 ,
211 1595 250 1648 et·
270 1585 498 1664 coniunctivo,
528 1584 662 1670 aliisque
686 1587 821 1650 inservit
842 1583 1151 1649 constructionibus.
1194 1586 1256 1648 At-

191 1736 197 1747 s
211 1692 275 1757 que
290 1669 379 1733 huno
396 1691 493 1734 usum
508 1691 596 1732 nuno
611 1671 850 1746 describamus,
874 1672 963 1735 ouius
987 1670 1110 1820 triplex
1125 1680 1175 1733 est
1195 1693 1256 1758 ge-

1047 1767 1078 1820 et
1093 1755 1158 1820 nisi
1174 1779 1255 1821 ora·

155 1913 168 1926 Ι,
208 1841 310 1904 tionis
325 1841 626 1927 complementum,
651 1843 741 1929 quod
753 1845 828 1930 ipso
846 1863 909 1906 usu
931 1843 1029 1906 decus
1050 1853 1083 1906 et
1105 1842 1253 1916 111111111-

169 1993 174 2004 ,
210 1926 288 1990 bere
310 1927 473 2014 coeperit,
503 1928 716 1992 asseverando
736 1929 951 2008 sententiam,
984 1929 1037 1993 eui
1060 1929 1253 1994 subserviat.

206 2013 315 2098 Atque
331 2034 366 2075 re
385 2034 459 2075 vera
478 2035 575 2100 saepe
598 2035 669 2078 non
687 2026 823 2102 augetur
845 2013 954 2079 addita
963 2014 1030 2094 ¹hac
1051 2016 1168 2080 vocula
1188 2039 1253 2079 nu-

174 2174 179 2183 ,
207 2111 317 2164 merus
333 2098 528 2178 notionum,
557 2099 614 2178 sed
630 2101 833 2188 ¹exprimitur
855 2123 967 2165 sensus
990 2105 1025 2165 et'
1045 2101 1147 2166 animi
1170 2102 1253 2166 afle-

206 2195 294 2264 ctus,
317 2183 368 2248 vei
385 2186 419 2249 in
435 2185 600 2259 sermonis
625 2187 779 2270 decursu,
801 2187 852 2254 vel
875 2209 937 2276 per
955 2189 1006 2253 rei
1029 2189 1252 2276 praesentiam

128 2297 134 2302 ·
205 2281 406 2335 commotus.

285 2371 312 2434 I.
358 2379 388 2435 1.
420 2375 606 2470 Vsurpatur
629 2373 729 2460 igitur
748 2393 820 2440 non
841 2376 877 2440 in
904 2395 1113 2464 quacumque
1129 2395 1250 2438 evoca-

203 2455 294 2520 tione
311 2468 342 2519 et
362 2456 590 2522 adhortatione
611 2457 833 2524 vehementius
858 2473 890 2526 et
909 2465 1070 2526 instanter
1095 2473 1251 2550 pronun-

202 2541 293 2604 tiata.
337 2541 555 2628 coniungitur
580 2565 657 2606 cum
680 2545 874 2632 imperativo
903 2543 934 2610 et
959 2547 1170 2612 coniunctivo
1194 2569 1250 2610 se·

203 2626 329 2702 eundae
349 2639 381 2692 et
396 2629 512 2694 tertiae
527 2651 708 2716 personae,
731 2641 762 2694 et
780 2637 856 2696 oum
873 2631 1036 2698 infinitivo
1061 2633 1249 2720 imperativi
1327 2674 1334 2680 -

202 2712 300 2792 1000,
321 2724 358 2776 ut
374 2715 490 2778 Graeci
507 2714 634 2794 solent,
657 2716 778 2801 posito.
822 2719 925 2806 Saepe
942 2718 1096 2783 adhaeret
1110 2741 1201 2783 nrrnc
1217 2729 1250 2784 et

201 2799 292 2877 iam,
310 2799 400 2884 quod
416 2800 520 2864 critici
537 2821 612 2864 cum
625 2801 751 2882 verbis,
773 2825 854 2890 quae
871 2813 1071 2892 sequuntur,
1088 2803 1249 2868 cohaere-

119 2950 121 2954 ,
201 2905 238 2947 re
256 2884 523 2970 interpunctione
549 2892 675 2951 notant.
722 2889 786 2952 Sed
803 2901 858 2954 aut
873 2891 934 2972 ista
950 2891 1108 2955 vocabula
1122 2889 1248 2987 signifi·
1270 2939 1273 2948 «

197 2970 324 3034 ‘cantiae
345 2992 454 3034 caussa
471 2971 579 3038 addita
595 2983 673 3036 sunt
690 2974 790 3037 verbo
807 2999 895 3062 age,
921 2988 975 3042 aut
991 2978 1148 3040 orationis
1165 3000 1247 3064 par-

104 3057 128 3146 ]
199 3056 309 3132 tesita
329 3067 465 3127 coeunt,
492 3067 528 3120 ut
545 3059 683 3121 omnino
699 3059 790 3124 nulla
808 3085 891 3128 onus
908 3063 949 3126 sit
963 3063 1246 3157 interpunctione.
1332 3139 1334 3142 .

199 3141 320 3206 Errant
337 3165 433 3218 vero,
456 3141 561 3228 quiin
577 3141 643 3206 hoc
660 3144 820 3210 vocabulo
832 3129 917 3212 Δ11111
944 3159 1106 3236 quaerunt
1128 3171 1246 3214 conse-

173 3269 175 3274 ι
199 3227 386 3312 quntivam:
420 3249 459 3289 oa
479 3227 659 3312 enimistis
681 3229 787 3294 verbis
805 3235 1009 3317 continetur,
1038 3257 1120 3322 quae
1147 3258 1246 3324 saepe

198 3311 381 3390 adduntur,
406 3333 507 3402 ergo,
531 3313 621 3396 iam,
641 3315 761 3402 igitur.
859 3367 865 3373 ,
1010 3365 1013 3396 ‚

301 3431 377 3482 conf.
397 3433 499 3486 servios
520 3435 555 3490 ad
575 3436 669 3506 Virgil.
689 3439 754 3490 Aen.
779 3437 814 3502 3,
838 3437 899 3494 362.
936 3441 1056 3494 Donatus
1077 3439 1112 3492 ad
1127 3441 1244 3500 Terent.

263 3518 366 3574 Phor'm.
387 3519 419 3578 1,
434 3517 468 3582 4,
489 3517 532 3577 53.
1007 3547 1012 3549 ·
1144 3523 1147 3530 ’

296 3621 380 3676 Plana
403 3623 460 3677 Mil.
481 3623 517 3692 gl.
537 3623 570 3686 2,
590 3621 625 3688 3,
645 3599 687 3679 64.
715 3643 768 3696 ege
786 3622 867 3698 face.
900 3625 978 3680 Poen.
1002 3623 1035 3694 3,
1059 3625 1094 3693 5,
1118 3627 1164 3684 39.
1189 3647 1245 3701 age

263 3708 362 3760 omitte
377 3717 516 3773 actutum,
542 3705 683 3782 furcifer,
712 3713 891 3786 nrarsupiumr
911 3715 983 3764 Asin.
1003 3707 1040 3777 4,
1067 3713 1101 3777 1,
1126 3712 1152 3766 5.
1178 3733 1243 3786 age,

48 3839 54 3860 s
144 3775 147 3780 ’
211 3809 218 3814 ·
264 3809 382 3862 quaeso,
403 3797 457 3855 mi,
481 3794 570 3848 hercle
586 3795 733 3865 translege.
768 3799 876 3864 Terent.
890 3799 983 3852 Heaut.
1008 3793 1042 3863 2,
1060 3796 1094 3861 3,
1112 3797 1155 3850 91.
1178 3818 1243 3871 age,

264 3875 398 3953 ago-cedo
413 3880 483 3930 istnc
498 3891 573 3936 tunna
589 3881 745 3936 consilium.
791 3884 873 3936 Plaut.
890 3885 948 3934 Cas.
970 3883 1118 3950 2,,2,138.
1135 3904 1244 3962 appro-

100 3977 112 4000 s
215 3997 217 4002 -
259 3977 411 4036 perunga,
429 3961 539 4019 amabo.
574 3967 676 4037 Giup.
699 3971 779 4025 Rosa.
799 3971 854 4020 hm.
876 3966 926 4034 16,
944 3965 987 4018 48.
1006 3987 1147 4039 agenuqc
1165 3967 1245 4042 refer

1383 3315 1384 3326 1

1383 3339 1384 3348 1

1383 3355 1384 3362 1

1383 3365 1384 3376 1

1383 3395 1384 3402 1

1383 3437 1384 3446 1

1383 3447 1384 3462 1

1383 3463 1384 3470 1

1383 3535 1384 3548 1

1296 3655 1297 3662 ¹

1383 3695 1384 3708 1

1383 3721 1384 3740 1

1383 3747 1384 3758 1

1383 3765 1384 3776 1

1383 3779 1384 3786 1

1250 4008 1252 4016 1

1345 4239 1349 4248 “

1072 4525 1077 4534 ι

260 4048 401 4112 animum,
427 4048 481 4110 sis,
507 4047 546 4102 ad
563 4053 717 4106 veritatem.
761 4055 870 4106 Terent.
893 4053 997 4106 Phorm.
1019 4049 1052 4119 5,
1068 4053 1167 4130 3,“28.
1187 4075 1244 4128 age

164 4152 176 4168 1
255 4126 324 4200 fiat.v
359 4132 453 4186 Heaut.
470 4127 505 4200 5,
522 4135 555 4203 1,
574 4135 617 4193 75.
634 4139 774 4211 agriam,
795 4129 908 4202 uxorein
932 4150 962 4192 at
989 4149 1126 4203 accersat,
1148 4154 1242 4212 parat.
