2726 4746
635 327 799 408 rl'l'QVE.
844 331 911 395 Ac.

146 505 150 514 ·
225 489 228 499 “
322 481 544 556 pronuntiandum
561 499 619 534 esse
636 484 757 536 senserit.
797 485 895 537 Nonne
912 482 1018 552 gravior
1035 493 1078 536 est
1094 484 1215 538 amicitia
1233 505 1302 556 quan
1345 505 1346 510 ¹

322 573 467 640 hospitium
483 578 511 620 et
526 566 632 635 gretie?
658 564 691 619 erl
707 579 826 637 praestet
841 570 926 638 pudor
945 570 1056 621 officio?
1081 563 1223 641 Officium
1241 577 1302 624 enim
1345 611 1346 616 ,

296 657 375 709 fnon
393 655 563 720 intelligimus
586 653 700 722 aliquem
719 655 829 721 pudoris
847 655 985 718 effectum,
1014 656 1060 706 sed
1075 655 1148 722 quod
1169 675 1220 707 noa
1239 659 1301 708 dici-

322 761 378 794 mus
408 732 623 808 Pfliclrtgefn'hl.
658 741 736 800 Quod
762 757 824 792 vero
841 741 988 807 Herzogius
1009 741 1083 792 addit
1100 741 1132 791 de
1155 745 1301 794 nominibus

322 829 444 880 effectum
462 823 687 892 significantibus,
715 835 742 876 et
763 825 907 894 posteriori
926 825 986 876 loeo
1004 827 1151 894 ponendis,
1182 829 1214 878 id
1237 842 1301 881 recte

321 911 480 964 observavit.
513 913 597 978 Atque
612 909 649 976 ⁸in
668 909 702 960 iis
722 909 852 961 rationem
875 906 960 961 efficit
979 911 1148 962 necessitudo
1169 915 1301 966 notionum

308 997 524 1060 nectendurnm,
543 1007 572 1047 ut
588 1013 670 1064 snpra
683 995 926 1048 demonstravimus.

360 1103 423 1154 Non
440 1117 535 1168 operae
560 1099 674 1168 pretium
696 1105 737 1150 est
763 1097 861 1150 addere
885 1097 1019 1167 exempla,
1039 1096 1182 1165 inquibus
1204 1121 1241 1154 ac
1256 1122 1300 1156 non

319 1187 521 1252 ite'distinguat
539 1201 627 1234 rerum
652 1185 828 1250 gravitatem
856 1183 946 1235 sedin
965 1193 1076 1252 utreque
1093 1195 1172 1252 parte
1198 1205 1301 1256 aequum

319 1280 445 1340 appareat
465 1270 576 1337 pondus.
594 1268 675 1320 veluti
694 1268 822 1330 Quinctil.
847 1273 912 1322 lost.
930 1266 964 1328 5,
985 1267 1017 1331 7,
1043 1269 1085 1320 10.
1111 1268 1182 1322 llaec
1199 1291 1301 1345 qnoque

320 1373 386 1426 pars
412 1370 526 1406 acumen
544 1373 577 1406 ae
594 1351 773 1424 vigilantiam
797 1359 900 1424 poscit.
936 1355 1012 1411 Plura
1037 1355 1090 1404 iem
1116 1373 1198 1424 supra
1225 1361 1301 1412 allata

319 1449 393 1490 sunt:
422 1448 450 1490 et
472 1436 587 1492 maxime
611 1435 753 1506 conspicua
778 1437 893 1492 formula
916 1439 970 1494 alii
989 1437 1153 1511 etqtte.alii.
1185 1443 1243 1496 Liv.
1261 1447 1301 1508 22,

320 1521 371 1589 15,
390 1523 416 1578 7.
437 1523 491 1575 vid.
509 1523 581 1574 infra
597 1524 639 1586 V,
661 1523 685 1573 1.

337 1632 369 1691 7.
401 1627 460 1690 His
489 1625 672 1712 praeceptis
698 1647 760 1688 nos
784 1626 976 1689 universum
998 1624 1177 1714 particulae
1202 1649 1300 1694 usum

250 1713 418 1801 complexi
430 1703 563 1788 snmus,
590 1731 688 1796 quem
707 1711 762 1774 alii
785 1711 920 1775 diversis
936 1711 1018 1775 locis
1043 1712 1224 1800 disponere
1244 1740 1300 1779 so-

248 1803 327 1866 lent.
370 1797 498 1859 Tamen
517 1797 615 1859 etiarn
631 1795 711 1860 haec
728 1797 855 1884 singula
871 1807 949 1860 sunt
963 1801 1199 1884 percensenda.
1242 1805 1300 1866 Ar-

204 1918 206 1926 *
249 1907 319 1982 qucl
332 1880 482 1960 fuerunt,
505 1883 562 1968 qui
578 1882 710 1966 cognita
725 1883 807 1956 iste,
837 1904 936 1970 quam
950 1886 1155 1964 notavimus,
1178 1909 1298 1972 aeque·
1346 1941 1347 1952 ,

249 1971 348 2036 litatis
364 1967 522 2048 notione,
549 1979 648 2054 ntqtaee
665 1971 729 2054 pro
745 1979 817 2030 tum
836 1969 919 2056 poni
935 1989 1033 2055 posse
1049 1972 1297 2038 contenderent.

165 2050 170 2070 ⁸
247 2059 390 2144 Apertus
406 2062 454 2116 est
472 2071 588 2116 eorum
613 2075 727 2119 error:
750 2053 784 2117 id
806 2054 897 2143 ipsa,
919 2054 1038 2142 quibus
1058 2055 1106 2120 1111
1129 2057 1182 2120 usi
1199 2071 1297 2136 erant,

186 2210 189 2216 f
249 2140 403 2235 exernp'la
427 2139 665 2203 demonstrant.
708 2195 711 2201 ,

353 2261 408 2314 Cic.
431 2249 468 2311 'ad
494 2263 566 2312 Fam.
595 2253 644 2323 15,
665 2257 707 2310 11.
732 2262 827 2330 itaque
846 2255 920 2313 nibil
935 2239 977 2314 est
995 2219 1122 2326 tentum,
1146 2257 1227 2334 quod
1249 2283 1298 2335 ego
1346 2301 1347 2306 ,

316 2334 373 2398 non
395 2358 445 2398 tua
469 2357 567 2398 caussa
593 2339 709 2398 debeam
727 2340 916 2415 facturusque
941 2349 992 2399 sim
1016 2364 1099 2417 quum
1125 2347 1255 2403 studiose
1269 2373 1299 2403 ae

317 2428 440 2483 libenter.
477 2431 572 2494 Multi,
597 2439 625 2481 et
648 2447 712 2486 cnm!
732 2429 765 2478 iis
790 2429 897 2494 Lagona
922 2441 949 2481 et
972 2432 1108 2482 Schiitzius
1137 2435 1299 2502 seripserunt

316 2527 375 2568 rum
394 2511 525 2577 testarer,
547 2515 591 2565 hic
611 2515 639 2564 in
658 2494 772 2564 steine.
790 2513 909 2564 eonion·
935 2525 992 2566 rum
1015 2508 1157 2580 stadfort,
1184 2533 1245 2572 sum
1266 2521 1298 2574 n·-

311 2600 417 2659 henter.
452 2601 486 2649 At
500 2599 567 2650 nihil
586 2599 675 2648 sanius
695 2598 754 2647 istis
774 2597 860 2648 verbis
879 2598 1005 2652 studiose
1022 2619 1055 2652 ac
1074 2599 1205 2668 libenter,
1223 2618 1298 2673 qnae,

313 2699 343 2739 nt
358 2703 393 2738 ex
416 2685 475 2735 aliis
501 2684 567 2736 locis
592 2684 703 2752 posthac
727 2683 858 2750 elucebit,
886 2685 1023 2736 scrinulum
1043 2687 1171 2738 efficiunt.
1206 2692 1243 2741 Et
1257 2693 1298 2742 le-

314 2771 426 2839 gendum
442 2771 559 2822 videtur:
579 2766 761 2838 fortunisque
787 2770 839 2822 sim
858 2787 940 2840 quam
964 2770 1091 2830 stedinse
1110 2792 1144 2824 ec
1169 2772 1297 2830 libenter.

268 2879 271 2883 ·
315 2861 344 2908 ln
358 2857 413 2908 Cic.
432 2856 464 2908 de
482 2857 544 2919 Nat.
563 2855 595 2907 I).
615 2857 641 2919 2,
659 2853 702 2921 58,
722 2852 781 2906 145.
799 2853 903 2906 codices
918 2855 1044 2928 exhibent
1062 2856 1190 2911 colorum
1208 2866 1296 2916 etiarn

313 2953 341 2994 et
354 2939 513 3011 figurarum
529 2951 588 2992 tum
600 2951 772 2993 venustatem
787 2951 872 3012 etque
886 2940 1011 2994 ordinem
1027 2952 1064 3004 et,
1084 2953 1115 2994 ut
1132 2947 1174 2996 ita
1193 2944 1296 3013 dicam,
1345 2969 1346 2972 ¹

314 3027 467 3082 &tentiam
482 3024 557 3078 oculi
576 3025 710 3080 indicent.
746 3029 841 3084 Omnes
859 3025 976 3078 editores
995 3028 1070 3096 incili
1086 3030 1196 3096 negotio
1216 3034 1298 3086 abie-
1345 3033 1346 3066 1

266 3130 270 3145 ·
312 3121 406 3166 cerunt
433 3121 500 3163 tum.
535 3110 562 3160 si
591 3106 734 3178 quievero
757 3121 841 3162 totam
871 3113 1028 3166 sententiam
1053 3115 1296 3182 comprehenderit¹

312 3199 369 3266 ipse
389 3195 503 3258 videbit,
531 3195 635 3257 nonde
656 3195 789 3248 coloribus
808 3207 835 3248 et
854 3196 942 3263 figuris
962 3199 1057 3250 artium
1081 3201 1139 3266 agi,
1161 3201 1209 3252 sed
1230 3203 1298 3255 haec

315 3280 423 3332 nomina
436 3278 567 3347 adscripta
582 3297 638 3332 esse
653 3281 685 3330 eb
704 3281 893 3350 interpoldtore
901 3282 1005 3352 aliquo,
1021 3283 1298 3352 iisqueemissisbene

301 3365 453 3434 *procedere
469 3364 616 3417 orationem
632 3365 715 3420 hanc:
744 3367 865 3434 Primum
890 3365 962 3420 enim
980 3368 1055 3422 oceli
1076 3372 1105 3422 r‘n
1123 3373 1158 3424 iis
1173 3373 1299 3437 artibus,

310 3467 424 3518 quarum
440 3449 572 3504 iudicium
589 3461 632 3504 est
651 3449 811 3515 oculorum,
838 3453 988 3521 inpletis,
1013 3452 1096 3523 fictis
1121 3456 1299 3531 caelatisque

303 3530 435 3604 formis,
455 3535 485 3586 in
503 3553 648 3604 corporum,
669 3540 754 3590 etiam
772 3540 896 3590 motione
912 3548 995 3610 etque
1018 3550 1101 3608 gestu
1126 3541 1220 3594 multa
1243 3565 1298 3598 eer-
1344 3559 1345 3562 ’

310 3632 381 3672 nient
397 3617 546 3674 subtilius:
573 3631 630 3683 tunt
652 3629 824 3674 venustatem
842 3631 927 3693 etque
951 3622 1076 3677 ordinem
1103 3635 1151 3687 et,
1188 3639 1223 3680 ut
1256 3633 1298 3683 ite
1344 3619 1345 3690 1

314 3705 421 3770 dicem,
441 3705 593 3760 decentiam
611 3703 686 3757 oculi
703 3704 847 3760 iudicante
866 3711 1055 3783 atque'etienp
1072 3707 1134 3763 atie
1152 3715 1280 3767 maiora.

321 3813 363 3888 8.Ι
383 3812 508 3886 Aerrs
527 3827 629 3905 quum
646 3805 725 3870 duas
743 3827 795 3872 ree
812 3829 915 3957 nepus
937 3811 1068 3874 ratione
1089 3827 1296 3900 componat,

239 3905 272 3958 et
292 3894 470 3958 notionum
486 3915 604 3956 serrem
626 3894 812 3978 continuet,
840 3896 852 3959 i
876 3905 981 3982 eoque
1007 3897 1103 3961 iniis
1129 3911 1296 3986 ponatur,

154 4056 156 4062 y
238 3981 357 4066 quibus
381 4001 436 4062 ca,
467 3999 550 4064 quae
576 3988 669 4051 antea
694 3980 780 4044 dieta
803 3990 913 4056 erant,
949 3982 1132 4047 distinctius
1157 3986 1295 4050 confir-

236 4079 388 4141 mantur,
422 4073 477 4129 aut
500 4063 622 4149 aliquid
652 4066 787 4150 maioris·
811 4069 975 4130 momenti
998 4067 1148 4144 additur,
1179 4072 1294 4154 critici

237 4145 440 4227 docuerunt,
460 4158 561 4235 atque
578 4148 722 4237 dicipro
749 4161 850 4240 atque
875 4151 962 4220 adeo
985 4161 1018 4218 et
1042 4154 1166 4220 immo.-
1192 4158 1293 4244 quod
