2726 4746
580 449 583 456 ⁴
627 363 722 436 usr.
743 325 835 426 nr.

282 515 372 574 stibus
395 526 423 571 et
448 515 639 572 emolumentis
664 527 692 571 et
717 514 889 573 utilitatibus
911 519 1051 572 amicitias
1068 515 1212 584 colemus,
1232 547 1271 562 ·-

281 602 397 658 dubium
416 613 466 670 est,
485 606 550 675 quin
565 598 677 673 fundos
691 613 719 656 et
729 602 836 657 insulas
853 603 951 656 amicis
969 599 1200 674 anteponamus?
1221 608 1270 657 ubi

280 691 303 742 si
318 707 377 745 oum
395 687 541 739 Goerenzio
560 707 597 741 an
617 706 682 742 uero
703 692 729 742 si
746 689 936 762 scripserimus,
955 689 1198 756 interrogationem
1216 691 1269 741 ha-

280 775 397 828 bebimus
412 773 618 842 explicationem,
637 775 689 825 vim
702 773 837 843 oppositae
854 773 984 824 orationis
1002 775 1150 842 perdemus.
1170 777 1265 827 Tacit.

280 865 349 915 Anu.
368 860 401 923 1,
418 857 462 910 86.
480 857 600 930 augebat
617 861 707 912 metu's
724 887 757 900 ···
775 863 920 914 inuasurus
939 859 1037 922 bostis,
1057 871 1089 912 at
1107 863 1134 914 si
1151 861 1272 912 auxilia

281 957 312 1001 et
337 945 406 1000 socii
429 941 576 998 aduersum
605 941 776 998 abscedentis
805 937 931 1016 legidnes
957 955 1147 1007 causarentur,
1179 945 1270 999 ciuile

281 1028 388 1084 bellum
404 1029 517 1098 suscipi.
550 1029 620 1082 Male
634 1030 741 1098 ponitur
759 1047 858 1082 comma
877 1041 938 1100 post
956 1041 997 1082 at.
1024 1032 1111 1083 Nemo
1130 1031 1266 1099 frequen-

283 1117 336 1172 tius
356 1115 440 1168 utitur
455 1113 544 1166 -verbis
563 1115 637 1166 atsi
654 1133 730 1183 quam
748 1116 838 1168 Celsus
855 1115 979 1168 medicus.

318 1218 477 1284 Goerenziua
505 1206 590 1286 quum¹
608 1219 753 1270 Munatium
779 1207 902 1288 sequutus
927 1219 961 1269 ad
981 1218 1035 1269 Cic.
1052 1217 1084 1268 de
1102 1219 1169 1285 Lug.
1186 1215 1226 1282 3,
1240 1212 1268 1282 4,

282 1303 325 1357 10,
345 1296 525 1372 demonstrare
541 1303 634 1366 voluit,
650 1297 696 1356 ast
718 1304 782 1372 poni
798 1305 827 1354 in
842 1304 957 1373 antiquis
977 1291 1078 1375 legibus
1095 1319 1146 1370 pro
1162 1314 1212 1352 ast
1233 1305 1265 1363 si,

281 1399 310 1441 et
324 1389 483 1457 respondere
506 1398 597 1440 nostro
617 1398 709 1459 gesect
732 1385 815 1453 aber,
839 1389 891 1440 vim
917 1387 1091 1440 conditionali
1112 1387 1268 1438 sententiae

231 1491 233 1502 ¹
280 1474 415 1544 proprium
438 1473 532 1546 tribuit
554 1474 751 1539 coniunctioni,
782 1482 812 1524 ut
836 1475 903 1526 bene
929 1474 996 1526 vidit
1018 1473 1147 1524 Moserus.
1198 1472 1266 1534 Quis

282 1559 353 1611 enim
374 1557 476 1610 dubitat
502 1559 535 1611 de
553 1561 698 1614 omittenda
716 1560 900 1628 coniunctione
917 1557 1110 1610 conditionali?
1135 1559 1172 1608 Et
1189 1566 1265 1608 reete

281 1644 380 1696 dicitur
404 1644 433 1694 in
455 1645 556 1712 legibus
581 1647 641 1696 ΧΠ.
664 1647 745 1698 cabul.
772 1656 820 1698 ast
847 1647 894 1716 qui
922 1643 1031 1702 iunxit.
1055 1652 1101 1694 ast
1120 1645 1166 1694 cui
1191 1659 1264 1718 arrro

281 1729 377 1784 dentes
395 1730 482 1784 vincti
501 1733 580 1799 sient.
615 1733 707 1799 Neque
726 1748 789 1784 vero
809 1747 899 1781 caussa
920 1739 961 1781 est
976 1727 1117 1778 referenda
1132 1726 1166 1778 ad
1185 1744 1265 1776 unum

279 1832 427 1889 pronomen
446 1815 601 1879 relativum,
619 1827 648 1866 ut
663 1816 728 1867 fecit
745 1817 881 1879 Moserus,
906 1814 954 1866 sed
971 1813 1007 1863 ad
1025 1811 1173 1864 universam
1194 1829 1265 1862 con-

280 1900 456 1957 ditionalium.
467 1901 654 1953 sententiarum
672 1902 793 1952 sormam.
834 1903 866 1950 ln
891 1916 1050 1968 quacumque
1075 1897 1146 1948 enirn
1174 1895 1264 1947 omitti

280 1995 371 2056 potest
385 1989 428 2040 si.-
457 2005 504 2037 neo
525 1985 690 2038 scribendum
718 1983 822 2050 eratS,
840 1983 874 2049 8,
894 1985 936 2038 10.
956 1995 1001 2036 ast
1021 1984 1046 2036 si
1061 1990 1191 2052 potestas
1210 2001 1264 2050 par

282 2073 407 2124 maiorue
429 2065 818 2141 probibessit‚neque3,4,
837 2057 878 2121 10.
905 2055 951 2122 ast
974 2069 999 2122 si
1018 2064 1263 2140 quiderit,quod

281 2167 333 2209 etc.
367 2159 460 2209 Nos'
452 2177 479 2208 m
505 2157 623 2210 eumdem
648 2158 753 2208 modum
774 2157 869 2208 omissa
891 2153 1090 2206 coniunctione:
1125 2151 1261 2222 dagegen,

283 2241 356 2294 wisel
373 2253 460 2296 etwas
479 2241 639 2316 gescbelren.
661 2261 719 2296 was
736 2256 788 2306 -',
806 2259 837 2294 so
862 2237 920 2293 soll
935 2249 986 2290 etc.
1021 2238 1158 2290 Columell.
1175 2237 1201 2301 2,
1220 2235 1260 2298 18,

227 2349 230 2358 ’
281 2325 388 2394 (1817.
407 2326 459 2380 baa
477 2332 713 2382 consummatione
731 2345 878 2398 operarum
896 2323 1040 2394 colligitur
1060 2340 1146 2400 posse
1164 2341 1262 2400 agrurn

281 2410 461 2464 ducentorum
478 2417 602 2483 iugorum
624 2411 717 2484 subigi
740 2410 861 2476 duobus*¹
877 2413 951 2483 iugis
979 2407 1063 2460 ὒοωπ
1088 2407 1261 2480 totidemque

282 2491 410 2548 bubulcis
428 2506 461 2550 et,
478 2513 527 2548 sex
545 2497 738 2552 mediastinis:
759 2500 784 2550 si
804 2507 897 2550 tamen
916 2506 997 2550 vacet
1012 2491 1170 2548 arboribus.
1188 2505 1220 2545 at
1238 2499 1261 2546 si

278 2581 319 2632 sit
334 2577 490 2652 ¹scrbustmn,
509 2581 636 2634 eumdem
654 2581 766 2634 modum
793 2582 912 2634 Saserna
933 2579 1021 2634 tribus
1037 2578 1196 2634 bominibus
1213 2579 1261 2632 ad-

280 2664 360 2726 iectis
379 2677 520 2720 asseverat
536 2660 623 2739 probe
641 2669 711 2720 satis
729 2665 828 2722 excoli.
846 2666 894 2718 alii
911 2675 963 2718 aut
985 2667 1019 2731 si,
1036 2665 1082 2716 alii
1100 2674 1153 2716 aut
1171 2663 1227 2718 ubi.

315 2785 437 2850 fiuntd,
458 2785 490 2851 1,
507 2783 550 2838 34.
567 2787 594 2839 si
613 2785 802 2859 moriendum,
831 2787 935 2858 inquit,
956 2794 1067 2850 estpro
1093 2793 1138 2845 11,
1172 2783 1259 2838 Clitus

192 2871 212 2930 'A
281 2879 326 2922 est
345 2872 459 2940 primus.
493 2873 534 2926 Ac
556 2860 640 2944 quum
655 2873 789 2927 uictoriae
808 2869 953 2926 arbitrium
976 2869 1054 2940 agis,
1080 2870 1259 2940 praecipuum

195 2996 197 3004 s
283 2949 385 3022 ferunt
404 2961 577 3027 praemium,
592 2957 640 3029 qui
656 2960 850 3028 procacissime
862 2956 952 3026 patris
966 2955 1009 3006 tui
1030 2956 1180 3010 mansoriae
1196 2953 1269 3008 illm.

283 3037 363 3096 alunt.
398 3043 475 3095 ovid.
489 3041 621 3114 Herslss,
641 3041 682 3094 18.
700 3053 732 3096 at
756 3041 841 3096 semel
860 3043 890 3094 in
907 3047 1019 3090 nostras
1036 3041 1170 3110 quoniam
1187 3057 1258 3092 noua

280 3129 388 3200 puppis
411 3147 510 3182 arenas
526 3137 655 3192 venerat,
677 3152 709 3166 -
731 3131 798 3182 isset
811 3123 812 3128 ’
824 3122 971 3200 anhelatos
991 3125 1022 3176 in
1039 3125 1117 3193 ignes
1142 3125 1256 3179 Aesoni·

282 3211 341 3265 cles.
382 3215 423 3264 Ita
443 3222 516 3264 recte
545 3229 613 3262 nunc
642 3211 741 3264 editum
758 3220 814 3277 est,
835 3227 888 3262 non
903 3195 954 3261 aut
971 3205 1065 3262 semel
1098 3208 1182 3258 Plaut.
1201 3210 1256 3262 Cas

278 3295 350 3360 2,8,
367 3292 411 3348 45.
428 3306 460 3348 at
476 3315 643 3370 quamquam
666 3293 800 3360 unicust,
815 3285 1014 3380 nihilomagis
1033 3294 1128 3346 unicus
1147 3306 1192 3348 est
1206 3295 1256 3349 cllo

221 3424 225 3434 f
278 3377 349 3434 milri
359 3378 465 3450 filius(

296 3483 416 3535 Horat.
440 3487 493 3536 Sat.
511 3485 545 3554 1,
560 3483 599 3553 8,
622 3486 665 3541 87.
690 3465 808 3540 mentior
831 3494 863 3537 at
887 3483 912 3535 si
922 3453 1018 3554 911111,
1045 3479 1147 3534 merdis
1171 3491 1255 3550 capnt
1289 3537 1291 3542 ,

279 3567 496 3638 inquineremus
516 3589 668 3624 corvorum
701 3571 806 3623 Erravit
828 3567 995 3620 Heindorfius
1012 3585 1092 3635 quum
1109 3567 1254 3634 coniunge-

275 3663 374 3705 rotat
399 3657 539 3726 inquiner,
566 3666 594 3706 ut
617 3650 745 3725 particula
772 3664 843 3706 esset
861 3650 1024 3704 exsecrandi.
1060 3652 1208 3702 Cohaereut
1223 3663 1254 3704 at

275 3739 317 3801 si,
335 3757 417 3808 euque
435 3739 555 3792 dicuntur
572 3759 586 3792 e
603 3741 705 3810 vulgari
724 3719 929 3800 consuetudine,
954 3755 1006 3806 qua
1022 3746 1153 3789 nostrates
1175 3737 1254 3790 etiam

200 3814 203 3825 ’
263 3819 470 3879 ldrcuntaber
488 3845 567 3880 menn
586 3825 736 3898 icbls'tge.
754 3826 857 3888 Verba,
876 3824 968 3894 quibus
990 3841 1032 3876 ros
1052 3821 1253 3875 11111111ιί11-

139 3949 141 3958 .
224 3942 229 3948 -
273 3917 399 3972 mmetrrr,
417 3911 513 4004 omissa
530 3922 607 3977 sunt,
621 3913 714 3981 quibus
731 3909 874 3982 opponitur
894 3919 934 3963 at.

307 4028 415 4082 Diversi
431 4031 534 4098 generis
553 4039 614 4084 sunt
630 4027 711 4085 haec·
728 4033 811 4095 Plaut.
827 4027 895 4082 nod.
911 4027 945 4090 2,
964 4025 998 4089 2,
1018 4022 1060 4076 17.
1078 4033 1125 4090 at,
1144 4023 1251 4080 sinidi·

216 4147 222 4160 ι
274 4117 343 4180 stis,
362 4113 457 4170 dicite.
475 4116 519 4167 ubi
535 4129 566 4170 at
584 4117 751 4188 interrumpit
770 4106 797 4168 11
812 4112 933 4183 reprimit
959 4109 1107 4162 orationem
1132 4111 1250 4179 piscato-

272 4203 327 4262 ris,
352 4195 547 4258 nec'cohaeret
572 4221 630 4254 cum
651 4204 685 4254 si,
720 4199 810 4260 Pseud.
834 4200 869 4260 1,
886 4199 919 4262 8,
937 4195 962 4250 9.
980 4205 1027 4262 at,
1044 4190 1151 4264 faciam
1171 4213 1250 4268 quom
