2784 4746
224 315 289 378 aaa
421 293 427 314 “
562 383 566 396 ,
643 307 840 376 lenanu.

250 465 298 530 uis
314 450 392 528 haec
408 463 553 527 notanda
575 473 667 528 sunt:
698 463 815 529 Bacch.
842 468 882 544 8,
904 463 1019 544 3,·04.
1046 459 1183 552 offatim
1207 475 1269 539 est,

224 485 445 616 itnesttoctaes
479 571 563 613 curo
585 560 618 612 et
640 551 842 637 concastiga
862 549 1034 612 hominem
1051 547 1181 634 probe,
1211 549 1271 636 qui

225 635 409 698 dedecorat
438 645 490 716 te,
518 657 590 709 me,
622 636 749 699 amicos
775 647 875 722 atque
898 633 986 698 alios
1005 632 1165 722 flagitiis
1186 635 1270 698 auia.

224 720 280 784 ubi
293 743 354 782 nos
367 719 568 784 diceremus:
591 721 646 783 iclc
660 719 746 785 liobe
761 745 794 784 es
808 741 904 806 ganz
919 731 1000 783 sutt.
1023 720 1152 796 Cicero,
1168 741 1270 807 prae-

223 815 275 867 ter
290 804 355 867 duo
372 805 467 868 allata
482 805 574 894 loca,
603 807 773 892 usurpavit
796 805 862 868 hoc
889 805 1027 869 verbum
1052 806 1088 868 in
1112 805 1143 868 T
1146 826 1210 868 usc.
1227 811 1270 885 s2,

225 893 283 968 10,
304 890 356 954 24.
379 900 409 954 et
430 889 470 954 de
484 891 559 954 Nat.
579 889 668 954 decr.
685 898 723 968 2,
749 895 811 972 51,
832 893 904 954 127.
928 889 1113 976 iisdemque
1127 889 1272 954 semini-

222 973 341 1054 bu'slet
364 977 517 1040 homines
541 973 678 1065 affatim
700 987 895 1064 opacantur,
925 987 958 1040 et
982 987 1095 1040 terrae
1119 974 1272 1038 eiusdem

220 1061 360 1147 generis
383 1062 543 1146 stirpium
565 1062 784 1126 renovatione
814 1060 1034 1146 complentur.
1070 1059 1128 1124 ubi
1155 1081 1270 1124 sensus

223 1155 288 1226 est,
311 1147 453 1224 semina,
471 1147 587 1232 quibus
603 1157 708 1232 terrae
725 1146 945 1234 complentur,
962 1147 1170 1234 generatione
1187 1168 1271 1233 sup-

222 1231 371 1316 peditare
391 1231 488 1294 etiam
506 1230 682 1294 hominum
698 1232 849 1295 vescendi
865 1231 963 1298 nimis
979 1231 1105 1316 largam
1126 1231 1272 1318 copiam.

139 1329 159 1374 ,“
220 1317 339 1401 Pomp.
354 1315 440 1378 Mela
456 1323 495 1396 3,
516 1321 554 1398 7,
579 1318 609 1382 5.
631 1316 809 1403 timidique
818 1317 944 1402 populi
962 1328 995 1380 et
1017 1316 1164 1380 morinis
1190 1317 1271 1413 opi-

221 1398 281 1464 bus
304 1397 442 1488 affbtim
464 1401 562 1466 dites.
617 1401 830 1466 Recentiores
861 1401 1039 1486 scriptores
1075 1400 1272 1486 simpliciter

220 1486 435 1584 procopiose
456 1487 636 1574 ponebant.
677 1485 726 1551 lta
747 1487 847 1550 etium
866 1485 1037 1550 Sallustius
1063 1485 1181 1572 aliique
1208 1493 1271 1550 'an-

220 1581 393 1658 nquiores.

225 1737 235 1762 s
326 1692 430 1742 Sallust.
453 1693 508 1758 Ing.
526 1689 577 1756 54,
607 1691 634 1743 6¹
653 1686 825 1760 frumentum
843 1699 871 1744 et
889 1689 966 1752 alia,
985 1709 1058 1762 quae
1074 1697 1136 1748 usui
1154 1689 1268 1764 forent,

290 1773 405 1846 affatim
427 1775 564 1844 praebita.
583 1795 607 1826 c.
627 1775 676 1840 43,
700 1776 726 1829 3.
750 1777 865 1830 Naevius
883 1775 953 1845 apud
976 1778 1096 1844 Fulgent.
1122 1780 1154 1830 tle
1179 1779 1288 1848 prisco'

291 1877 367 1910 serm.
384 1857 427 1912 43.
451 1879 476 1928 p.
499 1858 558 1910 805.
578 1861 691 1912 Godofr.
709 1860 861 1932 myropola
880 1860 994 1933 affatim
1012 1861 1081 1916 mihi
1098 1873 1270 1934 unguentum

292 1942 411 2013 largitas
429 1954 487 2007 est,
510 1961 563 2014 quo
583 1964 625 1997 nie
641 1957 823 1999 venustatem.
842 1947 912 2014 quod
934 1949 1048 2000 fortasse
1065 1948 1159 2016 aliquis
1180 1949 1268 2018 expli·
1327 1943 1330 1948 ⁵

291 2031 361 2093 cubit
379 2032 469 2082 satis.-
493 2029 525 2080 dc
551 2047 602 2098 quo
620 2029 729 2080 diximus
750 2031 838 2082 modo.
869 2031 935 2082 Plin.
953 2033 1022 2104 Hist.
1046 2051 1072 2084 n.
1090 2032 1139 2096 17,
1158 2033 1208 2099 24,
1225 2034 1269 2087 37.

235 2117 237 2126 ’
292 2118 424 2184 quoniam
443 2111 478 2166 de
495 2114 600 2185 palmis
626 2135 659 2166 ac
676 2118 768 2186 cytiso
796 2115 825 2166 in
847 2119 1001 2188 peregrinis
1023 2114 1168 2186 arboribus
1194 2117 1270 2192 affa-

293 2203 344 2254 tim
365 2200 494 2252 diximus.
528 2198 631 2268 Apulei.
650 2199 683 2251 de
707 2203 763 2268 Dec
788 2202 861 2252 Socr.
886 2219 913 2270 p.
930 2197 980 2270 49,
998 2203 1042 2255 28.
1068 2206 1143 2255 cuius
1159 2207 1270 2274 generis

291 2283 360 2360 utili
378 2282 506 2354 exempla
529 2281 643 2356 affatim
666 2296 826 2355 suppetunt.
859 2287 966 2341 Metam.
986 2287 1010 2339 1.
1027 2307 1054 2357 p.
1071 2287 1138 2354 113,
1155 2288 1200 2346 25.
1216 2287 1269 2343 ab·

224 2436 228 2452 .
289 2366 422 2430 nuciam,
440 2373 545 2439 quippe
562 2372 609 2439 qui
629 2371 686 2421 iam
707 2389 807 2424 coenae
831 2371 945 2444 affatim
968 2377 1094 2442 piscatus
1118 2393 1268 2446 prospexe-

288 2470 392 2504 ramus.
414 2451 439 2502 9.
455 2471 482 2519 p.
499 2451 566 2514 uel,
592 2450 633 2503 31.
655 2459 836 2526 protinusque
855 2452 1003 2525 frumento
1029 2461 1115 2512 etiarn
1139 2472 1267 2531 coempto

288 2535 401 2610 affatim
421 2545 551 2588 onustum
568 2561 601 2574 -
619 2535 658 2588 acl
676 2537 842 2604 pistrinam,
854 2539 935 2612 ¹quod
950 2542 1111 2606 exercebat,
1130 2537 1268 2616 perducit.

323 2648 391 2699 Mira
412 2657 489 2715 etque
509 2664 575 2716 pene
591 2645 680 2697 hiulca
699 2657 740 2700 est
756 2647 841 2700 oratic
858 2651 945 2702 Taciti
958 2655 1026 2709 Ann.
1045 2653 1079 2720 4,
1099 2655 1142 2712 69.
1161 2660 1268 2712 interea
1378 2689 1379 2692 ¹

288 2730 421 2790 Latiaris
436 2741 573 2800 repertum
591 2735 623 2787 in'
639 2729 752 2803 publico
773 2733 923 2801 Sabinum,
948 2737 1026 2792 uelut
1042 2760 1134 2796 recens
1153 2749 1268 2816 cognita

213 2871 217 2880 .
288 2829 466 2880 narraturus,
488 2818 600 2870 domum
619 2829 645 2871 et
666 2821 695 2872 in
712 2816 867 2872 cubiculum
883 2820 990 2874 trahit.-
1012 2833 1219 2903 praeteritaque
1239 2843 1268 2885 et

287 2905 441 2969 instantia,
466 2921 581 2976 quorum
598 2902 712 2985 affatim
736 2907 820 2974 copia
841 2925 874 2958 ac
893 2923 982 2962 nouos
999 2919 1114 2966 terrores
1132 2916 1266 2971 cumulat.
1376 2909 1377 2930 ³

302 3029 334 3090 2.
366 3023 450 3087 Cum
467 3021 611 3108 genitivo
631 3021 875 3085 coniunxerunt
892 3023 1022 3092 Plautus
1039 3040 1071 3094 ct
1088 3027 1162 3114 alii,
1192 3033 1265 3102 fre·
1375 3023 1376 3026 ¹

217 3109 433 3260 {pacatissime
457 3115 567 3170 autem
587 3105 708 3171 Livius.
740 3105 805 3171 vid.
825 3107 1048 3182 Ruddimann.
1074 3121 1107 3181 2.
1132 3141 1167 3206 p.
1188 3125 1265 3188 317.
1374 3125 1375 3128 ’

178 3221 180 3225 ·
249 3191 522 3270 amsh01·n.115,
547 3196 577 3254 1.
661 3265 664 3272 Δ
1373 3229 1374 3234 ’

323 3312 406 3362 Plaut.
431 3313 501 3360 Men.
522 3307 670 3376 3,1,10.
693 3307 807 3383 affatim
832 3323 876 3368 est
905 3311 1062 3385 bominum,
1088 3324 1118 3375 in
1137 3321 1198 3378 dies
1217 3329 1266 3397 qui
1364 3329 1373 3367 ·³

284 3393 413 3467 singulas
437 3412 514 3448 escas
538 3395 631 3450 edunt.
668 3396 725 3447 Mil.
747 3395 781 3465 4,
804 3395 836 3464 1,
857 3397 901 3452 33.
929 3401 985 3454 Liv.
1004 3403 1054 3470 34,
1072 3405 1124 3472 26,
1149 3409 1192 3464 10.
1215 3431 1266 3464 nec

284 3486 343 3538 iam
362 3479 487 3542 auxilia,
512 3499 627 3551 quorum
643 3479 756 3552 affatim
774 3489 842 3536 erat.
870 3483 1048 3554 32,16,10.
1068 3495 1132 3562 agri
1149 3493 1265 3566 affatim

286 3569 419 3620 materiae
436 3563 606 3636 praebebant
625 3565 755 3618 ael'nova
776 3567 917 3644 moiiepda
935 3590 1029 3644 opera.
1062 3577 1264 3640 Drakenborch.

285 3653 320 3704 ad
333 3663 468 3720 utrumque
486 3652 573 3704 locum
589 3653 689 3720 reliqua
706 3653 823 3720 exempla
841 3655 957 3723 collegit.

248 3769 250 3773 “
302 3773 335 3834 3.
380 3769 530 3848 Novum,
572 3789 680 3854 neque
712 3768 782 3833 aliis
816 3775 973 3861 exemplis
1005 3781 1265 3869 comprobatum
1360 3816 1366 3829 ·

137 3875 140 3888 ¹
215 3875 311 3919 usum
331 3853 499 3940 conspicio
522 3853 556 3916 in
580 3854 741 3941 Spartiani
763 3856 854 3922 Alex.
881 3860 989 3925 Sever.
1013 3869 1066 3929 37.
1090 3865 1162 3952 epse
1186 3867 1264 3932 cibo

213 3939 365 4030 pbtrimo
379 3935 612 4024 reficiebatur:
635 3942 717 4006 cino
731 3965 835 4029 neque
843 3946 973 4042 purae,
993 3971 1097 4038 neque
1115 3956 1263 4038 copiose,

193 4043 194 4048 ’
216 4023 355 4114 affatim
370 4033 497 4087 tumen.
521 4025 611 4122 quod
626 4037 674 4088 est
694 4049 755 4090 nec
770 4029 929 4113 nimium,
956 4055 1018 4097 nec
1035 4059 1173 4121 parum,
1202 4040 1263 4103 sed

215 4109 311 4178 satis:
347 4108 417 4197 uisi
431 4109 668 4199 intelhgamus,
700 4112 759 4200 qui
781 4113 906 4184 iustum
926 4109 1262 4212 modumaliquantc
