2760 4748
154 2635 159 2651 ⁸
252 2645 475 2712 feudcremur.

256 369 319 434 ica
480 327 741 448 suruQviu.
785 361 1075 446 suruiovsu.

325 515 403 596 prius
421 525 529 594 iuream
546 521 731 586 destiterunt,
746 521 828 592 quoire
842 521 882 574 ad
902 518 1030 576 Rharium
1048 523 1241 593 pervenirent.
1265 523 1313 574 in-

323 610 460 662 tercedere
475 610 545 661 enim
560 617 670 677 poterat
686 609 808 660 voluntas
823 625 853 658 ac
871 600 1033 658 coniitimn„
1129 649 1133 655 .

361 713 473 781 obliqua
497 721 525 763 et
544 689 674 764 iridirecta
693 722 733 764 cst
759 712 845 764 oratio
868 697 896 761 ii
914 709 972 761 his:
991 711 1045 762 Cic.
1064 709 1092 762 iu
1111 711 1192 765 Verr.
1214 703 1251 773 1,
1269 707 1313 771 48,

325 795 385 850 125.
408 799 433 852 is
458 803 587 851 mortuus·
600 810 642 850 est
667 798 696 852 0.
716 796 866 858 Sacerdote
881 803 1027 868 praetore,
1048 799 1146 868 »nescio
1172 813 1213 847 an
1237 807 1313 858 ante,

324 901 407 955 qieam
430 883 528 938 Verres
544 891 704 954 praeturam
718 891 813 952 petere
828 886 959 953 coeperit.

340 989 359 1028 *
373 979 512 1050 Libiarii
530 985 662 1072 quando
679 987 714 1049 in
731 985 976 1054 constructione
992 983 1174 1052 verborum
1190 982 1312 1046 haerc-

257 1071 354 1151 bant,
386 1072 606 1159 inpromptu
629 1072 669 1134 iis
693 1082 762 1135 erat
785 1069 983 1135 vocabulum
1008 1081 1088 1134 ante
1110 1091 1215 1150 nam,
1241 1091 1310 1154 quo

257 1156 418 1222 deficienti
436 1157 662 1244 perspicuitati
677 1166 933 1222 succurrerent..
958 1155 1016 1220 'Sic
1032 1155 1067 1220 iu
1087 1095 1157 1220 iiv.
1173 1161 1232 1229 21,
1262 1162 1309 1228 11,

257 1249 288 1308 9.
312 1253 528 1328 scripserunt:
566 1242 681 1338 itaque
705 1254 890 1328 antequam
919 1240 1136 1321 caederetur,
1155 1239 1309 1316 ruebat,

255 1350 320 1416 pro
338 1347 390 1407 co,
408 1327 500 1413 quod
510 1328 547 1390 in
558 1325 751 1392 melioribus
767 1338 872 1391 exstat
888 1327 979 1390 libris
995 1327 1309 1414 latiusquamcae-

257 1413 410 1488 deretur,
431 1413 521 1499 quod
543 1422 592 1476 cst
615 1435 717 1500 queam
740 1413 798 1498 qui
822 1412 1032 1476 caederetur.
1075 1411 1256 1499 Incognita
1271 1413 1308 1475 iis

240 1509 327 1584 *erat
341 1499 425 1568 ratio
450 1497 669 1580 coniunctivi..
711 1499 831 1562 Ascon.
845 1499 989 1564 Comm.
1010 1499 1045 1565 in
1069 1499 1137 1562 Cic.
1161 1509 1251 1562 orat.
1276 1499 1309 1561 in

255 1585 365 1650 Pison.
380 1608 413 1672 p.
432 1588 507 1650 517.
531 1583 663 1648 Schiitz.
691 1595 772 1648 ante
787 1581 959 1648 biennium
972 1595 1096 1652 ‚autem
1118 1596 1310 1671 antequam

254 1671 513 1822 gestituereptur
543 1671 708 1759 collegia,
724 1680 801 1753 etc.
857 1669 1013 1736 Patricius
1043 1671 1190 1734 correxit
1226 1682 1308 1734 ante

305 1779 339 1820 a.
354 1779 466 1842 quam.

336 1876 564 1950 ANTEAQVAM
585 1872 772 1944 lexicorum
804 1883 953 1938 auctores
980 1874 1193 1941 constituunt
1216 1886 1307 1942 tam-

256 1983 355 2048 quam
375 1959 511 2026 alterum
527 1958 622 2024 unius
636 1959 788 2024 vocabuli
802 1959 962 2022 formam.
1004 1959 1160 2038 Dukerus
1179 1963 1228 2026 ad.
1239 1964 1325 2027 Liv..

254 2049 315 2126 35,
337 2049 399 2124 25,
424 2039 455 2112 δ’.
480 2047 608 2132 primus
623 2047 772 2130 negavit,
795 2055 919 2108 veteres
941 2045 986 2108 ita
1002 2067 1164 2131 umquam
1180 2048 1306 2135 loquu-

253 2145 308 2198 tos
332 2155 418 2206 esse,
456 2131 723 2216 scriptorumque
746 2129 852 2194 ullum
877 2129 1037 2211 inveniri,
1077 2133 1112 2195 iu
1139 2156 1212 2218 quo
1236 2158 1305 2198 non
1361 2181 1362 2190 .

254 2219 337 2284 boni
361 2217 437 2281 libri
456 2229 537 2282 aute
562 2215 768 2302 praeberent.
820 2216 880 2282 Cui
900 2215 1115 2297 assensisuut
1135 2221 1304 2284 Gesnerus
1361 2251 1362 2254 ¹

196 2327 203 2338 ‘
254 2307 290 2372 in
312 2293 503 2384 Tirissaurc‚
543 2312 575 2366 et
597 2301 768 2378 Ernestius
794 2301 829 2367 in
852 2302 940 2366 notis
965 2301 1004 2364 ad
1028 2301 1059 2366 T
1063 2303 1174 2368 ursell.
1222 2306 1302 2382 ¹Sed
1361 2291 1362 2314 ¹

256 2389 346 2476 quod
363 2390 396 2452 in
412 2387 473 2451 hac
488 2391 647 2452 sententia
665 2389 807 2452 nimium
823 2387 1008 2466 videbatur,
1043 2389 1232 2476 prudenter
1246 2414 1302 2468 re·

254 2473 385 2538 strinxit
401 2472 583 2536 Schellerus
599 2496 634 2558 p.
644 2474 741 2538 ι790.;
763 2473 798 2536 in
815 2485 920 2538 antea
937 2495 1050 2570 quam,
1066 2475 1130 2538 nisi
1146 2477 1185 2540 in
1201 2499 1300 2556 unum

252 2556 449 2623 vocabulum
469 2557 522 2620 ine
548 2567 580 2620 te
595 2558 894 2644 coniungerentur,
920 2557 1003 2624 nihil
1032 2582 1119 2633 esse,
1154 2585 1224 2647 quo
1247 2561 1300 2642 of7

516 2580 553 2705 ii]
573 2642 641 2706 Cic.
657 2665 709 2730 pr.
727 2641 837 2706 Rabir.
855 2643 946 2729 perd.
962 2649 993 2724 9,
1014 2647 1068 2710 25.
1094 2645 1206 2732 Epist.
1222 2646 1297 2712 fam.

255 2737 315 2811 10,
338 2735 387 2794 16.
408 2727 503 2792 Brut.
528 2727 567 2792 ad
594 2728 662 2792 Cic.
692 2734 748 2808 11,
775 2733 888 2808 13,·7.
925 2729 996 2794 Liv.
1020 2735 1079 2809 58,
1105 2735 1168 2808 25,
1195 2741 1224 2798 1.
1248 2735 1297 2814 42,

253 2819 315 2890 47,
338 2820 369 2878 2.
399 2814 519 2901 legitur
539 2820 575 2878 in
598 2814 667 2880 aliis
692 2813 783 2878 libris
805 2825 897 2878 ante.
936 2813 983 2878 In*
998 2817 1090 2880 Curt.
1119 2818 1160 2893 5,
1181 2820 1223 2896 4,
1248 2823 1296 2883 28.

253 2901 395 2972 editores
413 2899 801 2986 fecerunt-anteaquam,
841 2898 931 2988 quod
954 2900 989 2964 in
1011 2901 1109 2970 libris,
1124 2914 1176 2966 est
1199 2920 1296 2969 aare·

252 3010 366 3076 quam.
394 2985 492 3049 Nulla
517 2993 628 3049 tamen
651 2986 785 3055 varietas
803 2995 939 3072 apparet
962 2985 996 3048 in
1012 2987 1083 3052 Liv.
1101 2989 1163 3064 35,
1187 2993 1249 3068 25,
1264 2996 1293 3054 3.

141 3083 143 3090 ’
251 3071 384 3138 Achaei
398 3095 466 3136 nan
482 3082 587 3138 antea
603 3070 681 3146 ausi
695 3092 869 3156 capessere
886 3069 1027 3156 tellam,
1048 3095 1153 3159 quam
1169 3074 1214 3138 ab
1228 3065 1296 3142 Rass

250 3177 309 3222 ma
336 3156 555 3221 revertissent
577 3148 698 3240 legati.
710 3155 762 3218 sin
779 3155 847 3218 Cic.
866 3157 904 3219 ad
920 3155 1009 3220 Fam.
1028 3163 1067 3240 ὃ,
1091 3163 1129 3240 6,
1152 3162 1185 3223 4.
1206 3162 1293 3248 quin,

235 3262 316 3327 sego
332 3240 402 3303 nisi
416 3239 584 3300 ‘successor
607 3259 731 3320 essem,
759 3261 856 3326 quem
878 3253 915 3304 ta
939 3265 1076 3329 cuperes
1099 3243 1233 3327 ridere,
1263 3258 1294 3310 te

251 3337 366 3404 antea,
377 3343 480 3409 quam
493 3319 556 3386 titt
569 3345 757 3393 successum
771 3337 866 3399 esset,
887 3325 1100 3394 decessurum
1105 3327 1232 3418 fuisse.
1255 3353 1295 3396 ex

248 3431 317 3472 uno
333 3417 463 3471 tantum
487 3406 573 3472 libro
600 3411 755 3476 Graevius
779 3412 914 3476 notavit
932 3425 1023 3478 ante.
1068 3416 1174 3482 Pauca
1195 3417 1205 3480 i
1233 3419 1295 3482 itur

248 3504 326 3561 sunt
341 3492 490 3579 exempla
512 3503 544 3556 et
566 3495 609 3559 ob
634 3495 718 3560 hauc
740 3498 848 3584 ipsam
872 3493 1020 3564 c'aussam
1043 3499 1153 3567 dubia.
1191 3531 1196 3543 ·
1228 3504 1293 3568 atio
1359 3573 1360 3582 ¹

247 3587 360 3646 tamen
374 3601 445 3644 non
465 3575 585 3666 obstat.
655 3601 658 3609 ·
691 3587 694 3595 ’

236 3761 253 3890 j
408 3721 722 3870 auricus.
773 3697 1138 3860 auriniaco.

253 3939 265 3983 ³·
295 3961 296 3968 ¹
328 3934 515 4014 Aurruutc
527 3931 566 3996 ab
579 3933 720 4019 antiquis
736 3935 952 4021 scriptoribus
969 3959 1033 4023 pro
1054 3941 1291 4016 anteliacdici

246 4019 439 4108 interposita
460 4019 620 4083 litteral)
648 4019 691 4082 ob
715 4015 841 4083 hiatum
874 4021 1080 4106 tollendum,
1119 4027 1154 4089 in
1177 4027 1291 4091 lexicis

198 4099 215 4142 '¹
246 4107 436 4192 exponitur.
466 4103 518 4184 ,Et
532 4103 671 4191 legimus
688 4101 842 4188 iuPlauti
861 4101 982 4196 Amph.
1002 4115 1039 4187 2,
1064 4116 1103 4192 2,
1129 4117 1184 4176 79.
1215 4114 1289 4177 'Aut

244 4196 283 4266 2,
307 4197 346 4274 8,
369 4195 421 4256 26.
444 4190 518 4256 Cas.
534 4189 621 4256 Prol.
638 4193 691 4254 88.
715 4189 794 4255 Cist.
813 4198 850 4275 1,
875 4199 910 4274 1,=
934 4199 963 4262 1.
985 4200 1022 4279 1,
1043 4199 1081 4280 3,
1102 4197 1157 4260 50.
1189 4195 1290 4285 Epid.
