2662 4744
214 372 280 438 eae
388 439 498 456 ,,
638 361 832 434 aru.

215 533 293 590 eunt
308 511 348 588 ed
365 527 484 588 etant.
524 511 669 601 Deinde,
693 531 730 586 ut
745 521 812 588 iam
828 539 862 606 p.
878 511 954 585 att.
969 515 1060 600 dixi,
1082 519 1122 586 in
1140 517 1200 586 bin
1215 540 1276 586 vo-

216 610 339 676 cabulis
353 630 422 674 non
437 605 595 672 habemur
617 605 764 672 formam
784 605 825 670 ab
847 605 917 670 aliis
941 605 1097 693 gentibus
1121 607 1171 671 ad
1200 605 1277 671 aliae

214 695 421 772 translatam,
442 691 499 756 eed
519 692 722 780 primitivam
738 701 771 757 et
785 691 917 780 populis
931 711 1002 755 non
1023 693 1149 778 paucis
1179 714 1276 756 oom-

214 803 362 849 munem.
405 779 492 843 Nam
515 777 649 850 vocibus
672 802 713 855 a,
737 799 802 853 on,
824 800 844 840 o
868 799 908 840 ex
935 776 1067 840 rimitnr
1088 777 1199 841 notio
1229 779 1276 842 vi·

213 863 410 934 circitudinis
426 874 460 928 et
468 862 719 944 alternationis,
739 884 822 950 qnae
836 799 1010 926 adhibetur
1026 871 1059 926 et
1075 863 1119 926 ad
1143 861 1276 927 disiun-

214 953 359 1019 ctionem
383 959 416 1014 et
438 949 479 1014 ad
501 949 720 1048 oppositionis
750 947 919 1036 quoddam
941 967 1043 1033 genus
1067 945 1274 1035 significan·

213 1039 307 1104 dnm.
350 1037 499 1122 Denique
519 1045 636 1122 rgrtur,
658 1035 684 1100 si
701 1045 856 1118 aputeum
879 1025 919 1096 cd
943 1054 1146 1120 comparare
1175 1035 1275 1098 volu-

212 1115 307 1202 mie,
328 1143 459 1188 necesse
482 1121 543 1184 erit
564 1119 756 1200 observare,
776 1139 890 1208 graeca
908 1139 989 1184 voce
1005 1127 1145 1182 tantum
1162 1121 1193 1184 si
1244 1121 1273 1182 i-

213 1207 305 1276 ficari
319 1207 373 1287 id,
393 1203 483 1292 quod
500 1205 601 1270 altera
616 1225 658 1268 ex
673 1215 784 1292 purte,
806 1203 906 1268 altera
926 1203 995 1268 vice
1010 1203 1179 1292 ponitur,
1195 1142 1275 1269 liiij-

213 1317 291 1362 nam
309 1303 418 1357 autem
434 1290 582 1355 nonnisi
601 1289 811 1356 disiunctioni
826 1289 1002 1369 inservire,
1023 1310 1125 1376 quam
1148 1291 1273 1355 Graeci
1323 1319 1324 1332 κ

213 1379 256 1446 cd
287 1376 538 1464 comparationis
562 1382 714 1441 normam
742 1375 896 1462 redigunt
917 1395 979 1462 per
1008 1373 1217 1440 vocabulum
1240 1373 1272 1456 ἦ.

212 1465 253 1532 ln
270 1461 488 1528 disiunctione
504 1483 584 1526 vero
606 1461 692 1526 inest
708 1461 806 1526 etiam
822 1459 930 1548 aliqua
947 1459 1135 1526 alternatio.
1183 1461 1271 1527 Eam
1324 1496 1325 1550 p

213 1559 390 1618 tenuerunt
404 1547 524 1613 Latini.
1324 1555 1325 1632 l

129 1631 131 1644 '
297 1634 362 1699 Sed
385 1634 419 1698 in
442 1631 594 1697 universa
607 1629 900 1720 grammaticorum
922 1627 1092 1711 doctrina,
1141 1651 1207 1695 uae
1227 1631 1270 1695 de

215 1719 415 1786 disiunctivie
463 1717 613 1783 articulis-
626 1715 795 1796 traditur,
816 1715 945 1779 incerta·
963 1725 1062 1801 atque
1089 1715 1132 1780 du
1163 1718 1193 1782 ia
1219 1719 1267 1782 rei

164 1867 171 1876 ,
216 1805 362 1892 cognitio
386 1740 508 1867 multos
540 1819 669 1868 errores
693 1801 832 1889 peperit.
884 1799 1148 1866 Disiunctiouem
1175 1803 1266 1866 enim

215 1911 332 1954 omnes
354 1889 507 1952 dixerunt
529 1909 602 1952 enm
625 1909 694 1950 esee
714 1886 881 1966 formam,
903 1888 936 1951 in
956 1907 1025 1973 qun
1048 1887 1212 1974 opposita
1231 1911 1266 1952 se

214 1976 357 2041 invicem
375 1973 566 2053 excludant,
589 1971 647 2037 sed
665 1992 768 2059 quum
783 1972 870 2059 apud
895 1973 1031 2036 Latinoe
1050 1971 1131 2036 duas
1156 1975 1266 2060 parti·

216 2061 305 2125 culus
322 2081 439 2146 eaeque
455 2061 488 2124 in
504 2057 664 2122 similibus
687 2058 966 2122 enuntiationibus
986 2057 1145 2122 adhibitas
1162 2058 1268 2122 vidis-

215 2145 307 2226 ῥοπή,
328 2169 393 2234 qua
413 2167 464 2210 ene
481 2145 734 2229 distinguerent,
752 2143 876 2209 verium
896 2143 1058 2208 rationem
1077 2165 1268 2230 proposue-

215 2242 307 2300 runt.
359 2233 465 2318 Atque
488 2229 661 2294 Nolteniue
685 2229 719 2293 in
745 2229 826 2294 Lex.
846 2251 882 2316 p.
905 2232 979 2294 849.
1001 2229 1045 2292 ita
1072 2232 1264 2318 praecepit:

216 2329 304 2401 „orat
318 2318 454 2405 proprie
470 2325 518 2381 est
534 2308 749 2392 beatimundo,
767 2325 800 2379 et
813 2313 978 2379 contraria
994 2314 1133 2379 invicem
1151 2337 1266 2401 oppo-
1326 2360 1327 2402 ,

215 2403 344 2476 nitito,
373 2413 413 2466 ut
430 2401 624 2466 alterutrum
644 2399 810 2478 excludat,
840 2399 891 2464 uel
912 2399 1047 2487 proprie
1069 2411 1118 2464 est
1137 2397 1264 2466 onaan
1326 2409 1327 2426 ¹

215 2484 386 2568 ζευκτικὰν,
405 2497 438 2550 et
453 2487 577 2551 diversa
593 2483 681 2549 nibil
694 2484 889 2570 excipiendo
906 2485 1084 2572 coniungit.
1108 2507 1140 2549 v.
1156 2507 1192 2572 g.
1217 2487 1266 2550 vel
1326 2481 1327 2492 ’

167 2602 169 2611 ·
216 2587 253 2638 tu
270 2572 327 2636 vel
341 2590 427 2638 uxor
446 2583 507 2636 tun
520 2571 611 2636 'vele
626 2581 686 2634 tuo
695 2569 843 2659 familia
858 2571 1029 2658 qrriapiam
1043 2568 1265 2719 αῂρὶῗινειιινέι

216 2659 390 2746 coniunge
412 2655 604 2722 haecverba
619 2667 781 2742 peret-
797 2665 849 2719 et:
877 2665 950 2720 tum
971 2656 1100 2721 diversa
1121 2695 1126 2700 -
1143 2657 1264 2722 ‘nbebis

215 2754 346 2832 praeter
369 2742 470 2808 ullam
499 2742 727 2830 exceptionem
761 2741 955 2821 coniuncta,
986 2763 1050 2806 nec
1104 2741 1262 2830 uidquam

203 2828 428 2895 'differentex
438 2828 502 2893 boc
518 2829 651 2916 quidem
667 2836 843 2916 praecepto
859 2825 1024 2894 formulae
1038 2765 1198 2893 veihona
1215 2829 1267 2894 vel

215 2914 334 2993 molo,
355 2925 388 2978 et
403 2912 545 2978 bonnet
566 2913 674 2978 molo.
716 2912 845 2977 Tamen
868 2913 901 2976 in
925 2911 989 2978 illis
1013 2912 1193 2978 disiunctio
1217 2925 1265 2979 est

218 3001 422 3066 diversarum
436 3019 567 3080 rerum,
591 3000 688 3063 etiam
715 2997 776 3063 bac
792 2998 1003 3084 exceptione:
1028 2999 1055 3064 oi
1070 2999 1161 3064 bona
1175 3011 1265 3080 onnt,

215 3084 476 3169 noneuntmala.
500 3083 612 3164 Quare
621 3083 673 3149 alii
681 3084 724 3148 ita
735 3083 888 3184 distingui
897 3082 1089 3150 voluerunt:
1108 3095 1172 3150 aut
1183 3087 1265 3172 poni

203 3171 359 3252 interea,
368 3191 451 3256 quae
461 3169 698 3256 oppositaeiut,
713 3168 769 3234 sed
779 3169 831 3236 rel
838 3180 923 3236 mter
931 3189 1063 3256 eaquae
1071 3191 1143 3236 non
1153 3171 1265 3236 diver-

205 3277 252 3320 'na
267 3256 343 3334 sint,
358 3255 410 3319 vel
425 3276 493 3319 non
506 3253 632 3318 diversa
648 3275 716 3320 eene
727 3253 947 3332 dicontur-sic,
961 3263 997 3318 ut
1013 3255 1101 3321 inter
1118 3258 1266 3343 nequalia

166 3411 170 3416 ,
204 3340 418 3406 concedatur
431 3339 598 3406 electionis
613 3339 796 3405 arbitrium.
816 3337 864 3404 Ita
872 3339 1052 3411 Doelekins
1067 3345 1101 3407 in
1112 3343 1266 3408 Gramm.

215 3449 250 3515 p.
271 3431 341 3492 137.
383 3426 425 3490 At
443 3447 486 3490 ex
502 3423 553 3490 hie
569 3445 640 3490 non
656 3425 837 3515 colligitur,
860 3447 926 3512 quo
941 3423 1071 3491 differet
1091 3428 1179 3505 aiae,
1203 3451 1265 3492 nec

216 3512 330 3600 negari
348 3521 477 3599 potest,
500 3510 535 3574 in
560 3511 733 3590 omnibus,
755 3531 840 3598 quae
886 3531 923 3575 er
945 3509 996 3576 vel
1009 3513 1128 3578 -vel
1149 3513 1267 3600 dispo-

216 3610 361 3682 puntur‚
388 3594 460 3662 fieri
488 3595 760 3675 disiunctionem,
791 3605 822 3660 et
845 3533 983 3687 alierum
1006 3596 1099 3662 alteri
1117 3600 1265 3685 opponi,

219 3703 315 3768 saepe
339 3681 436 3746 ctiam
463 3683 601 3746 alterum
624 3681 664 3746 ab
687 3682 791 3746 altero
813 3681 899 3748 tolli.
954 3681 1058 3746 Sicuti
1082 3685 1265 3748 Caesarii.

130 3755 137 3827 ᾗ
163 3752 170 3774 ⁸
218 3768 260 3832 G.
285 3773 320 3843 1,
341 3771 372 3830 6.
395 3765 633 3856 Allobrogibus
650 3775 728 3854 oeae
750 3766 802 3832 vel
815 3789 1059 3852 personanter,
1075 3803 1117 3818 —
1143 3771 1265 3834 existi-

208 3849 378 3926 mabant,
401 3852 453 3916 vel
468 3854 501 3918 oi
516 3863 709 3935 coactum,
728 3863 766 3916 ut
774 3873 841 3938 per
855 3875 932 3916 orror
944 3849 1038 3940 finer
1054 3875 1109 3918 eoa
1125 3854 1177 3920 ire
1189 3877 1265 3940 pn-

209 3947 378 4002 ·terentur.
429 3935 516 4002 Num
539 3937 619 4003 haec
642 3958 712 4004 non
736 3938 862 4002 diverso
886 3936 986 4004 sunt?
1012 3961 1054 4002 on
1077 3961 1147 4004 non
1172 3952 1266 4004 recte

217 4023 282 4086 dici
306 4031 433 4108 poterat
456 4017 517 4086 aul
536 4056 580 4073 ·--
602 4024 688 4090 azer?
714 4022 888 4088 Frotscher
914 4023 955 4086 ad·
977 4023 1206 4102 QuinctibX.
1235 4033 1264 4100 1,

179 4103 181 4113 ’
206 4110 268 4172 ot.
293 4108 450 4174 contras
476 4107 654 4196 aldingium
670 4111 703 4174 in
721 4109 809 4172 hunc
833 4109 973 4177 modum
996 4109 1137 4186 iudicat:
1168 4133 1263 4190 „non
1319 4119 1324 4128 '

210 4189 375 4281 'deungit
394 4131 473 4278 ved:
500 4193 559 4260 sed
582 4195 618 4262 in
641 4193 799 4262 oirnilium
833 4204 1117 4282 cognatorumque
1144 4219 1264 4264 rerum
1325 4243 1327 4270 .

241 4406 252 4444 t
