2662 4744
703 295 804 362 AVT.
882 357 888 364 .

311 448 430 513 secundo
448 468 530 523 qaam
549 448 605 506 levi
622 457 671 504 ant
687 445 778 521 facili
795 445 921 522 affectas.
945 449 1018 518 qnod
1031 449 1110 504 idem
1131 460 1183 506 est
1208 471 1248 504 ac
1266 469 1313 504 nor

312 542 368 596 levi
392 547 442 592 out
459 533 557 606 facili.
591 535 643 600 tl,
661 536 693 602 2,
713 533 738 586 5.
764 539 789 590 is
809 561 842 575 -
861 532 991 602 hospitiis
1017 537 1201 608 regulorum
1226 541 1312 608 magii

311 622 543 690 conciliandisque
556 637 607 700 per
618 621 771 699 ausicitiam
787 621 944 690 principum
962 623 1043 675 noan
1057 621 1216 694 gentibus
1234 641 1312 695 quarn

241 777 245 788 ι
310 710 384 785 bello
402 717 451 762 aut
470 705 552 757 arrriis
570 723 639 790 rem.¹
647 703 895 776 carthaginiensem
915 704 1006 757 auxia
1066 765 1070 778 .

239 853 242 861 ’
300 827 379 893 ”11.
410 822 554 906 Quidum
569 821 790 902 tradiderunt,
823 833 884 886 ont
906 822 994 885 necti
1017 843 1101 894 cum
1162 825 1308 888 articulis

162 931 167 940 “
244 913 477 983 conitiuotivisz
504 907 593 993 quod
616 906 714 970 nullo.
730 913 827 994 pacto
845 905 916 972 fieri
938 917 1059 994 potest.
1149 933 1213 974 am
1235 934 1306 974 ora-

243 1005 311 1078 tio,
330 1021 412 1086 quae
431 995 471 1059 ab
487 1004 547 1058 out
562 990 686 1078 incipit,
702 1009 771 1056 non
788 993 998 1075 continuatur
1013 1015 1079 1080 per
1098 1007 1135 1058 et
1153 997 1192 1058 in
1212 998 1308 1060 alters

243 1097 339 1176 parte
362 1078 593 1149 enuntiationis
624 1077 790 1164 positum,
822 1077 884 1140 nisi
917 1079 951 1142 in
979 1079 1187 1144 anacoluthi
1223 1093 1308 1168 gratu

242 1195 286 1246 ne
308 1169 458 1256 figentia,
495 1163 585 1226 cuius
611 1163 672 1226 alia
696 1162 855 1250 quaedam
882 1165 1034 1251 exemplu
1057 1187 1251 1252 apponam
1272 1169 1308 1230 si·

309 1261 364 1322 'us
402 1289 405 1294 Ι

350 1373 404 1426 Cio.
423 1372 456 1428 de
474 1369 533 1422 Fin.
552 1367 584 1433 4,
602 1367 655 1433 28,
672 1366 715 1420 77.
733 1371 812 1441 quasi
829 1386 894 1422 vcro
912 1377 962 1422 aut
982 1369 1181 1435 concedatur,
1205 1372 1237 1424 in
1256 1389 1308 1422 orn·

242 1469 244 1476 '
312 1457 394 1514 nibus
415 1455 510 1509 staltis
526 1471 620 1526 aeque-
631 1469 733 1524 niagno
754 1469 812 1507 esse
827 1457 900 1507 vitia
917 1473 970 1506 -.·
988 1467 1016 1507 ct
1034 1458 1123 1526 qnasi
1142 1456 1222 1509 nihil
1240 1461 1308 1510 inter

313 1547 357 1600 des
380 1555 490 1616 quoquc
512 1543 605 1610 ipsas,
634 1541 663 1592 in
688 1536 786 1609 quibus
805 1548 952 1609 peccatur,
977 1541 1100 1592 intersit.
1139 1543 1305 1608 interposita

314 1630 402 1691 verba,
418 1642 485 1694 quae
500 1641 548 1676 nos
567 1619 707 1686 omisimus,
723 1637 837 1674 caussam
853 1623 1013 1692 praebebant
1030 1625 1183 1676 mutandae
1201 1626 1303 1676 oratio-

244 1729 249 1738 ·
315 1715 365 1768 nis.
399 1715 483 1779 Atque
501 1709 592 1760 eudem
613 1707 734 1771 nomine,
759 1709 807 1759 s‘ed
828 1709 926 1759 frustra
945 1705 1045 1759 studuit
1061 1709 1212 1762 vindicare
1231 1714 1302 1762 Goe-

270 1844 274 1854 ,
314 1795 481 1851 renziusGio.
493 1797 565 1845 Brut.
584 1793 610 1856 2,
629 1791 654 1842 6.
673 1791 744 1858 lianc
761 1803 789 1844 et
804 1802 913 1860 practer
932 1803 1051 1857 ceteros,
1070 1808 1127 1848 aut
1152 1797 1302 1867 cum‘pau·

244 1887 252 1894 ““
316 1887 355 1938 cis
374 1881 518 1934 sustineret
537 1876 670 1929 dolorem.
706 1879 737 1928 In
753 1877 794 1928 his
816 1879 885 1928 enim
901 1879 1085 1933 anacoluthiae
1105 1883 1186 1934 nulla
1206 1900 1299 1952 oppor-

259 1985 272 2000 ·’
318 1968 434 2029 tenitas,
469 1981 518 2016 neo
544 1962 666 2013 convenit
692 1971 721 2015 ct
744 1978 792 2029 pro
819 1965 903 2014 ctiam
925 1963 1061 2030 accipere,
1095 1977 1126 2016 ut
1152 1968 1225 2019 bene
1242 1967 1300 2017 vidit

251 2057 271 2078 '²
303 2051 482 2112 'Ellendtius,
508 2065 592 2114 neque
618 2047 695 2097 etiam
723 2045 775 2098 dici
799 2055 903 2114 poterat
927 2059 954 2100 et
979 2057 1093 2118 praeter
1121 2063 1251 2115 ceteros,
1277 2063 1299 2103 et

246 2127 259 2158 ¹*
319 2155 379 2190 cnm
398 2136 504 2205 paucis.
538 2135 655 2183 Praestat
673 2141 780 2195 autem,
808 2131 879 2198 qnod
896 2132 1030 2185 Ernestius
1050 2137 1193 2202 coniecit,
1212 2156 1297 2190 emen-

300 2219 418 2274 dationi
435 2216 567 2270 Lambini:
590 2227 640 2268 aut
656 2225 767 2286 praeter
785 2225 837 2271 oet.
864 2277 865 2284 ἵ

303 2359 305 2365 “
354 2323 408 2408 Cic.
428 2339 498 2387 Brut.
520 2332 568 2398 tt,
587 2329 627 2387 53.
648 2337 709 2406 quis
728 2335 800 2388 enim
823 2343 904 2405 putet
931 2345 979 2388 out
1004 2333 1179 2390 celeritatem
1199 2340 1299 2408 ingenii

318 2417 360 2480 L.
380 2423 466 2474 Bruto
485 2446 520 2460 ·-
539 2414 690 2489 defuisse?
721 2421 768 2489 qui
788 2413 822 2472 do
844 2429 932 2473 matre
948 2420 1107 2474 suavianda
1126 2440 1164 2473 ex
1186 2422 1296 2474 oraculo

247 2503 250 2508 ¹
292 2491 295 2497 ¹
319 2503 466 2578 Apollinis
494 2513 552 2554 tam
577 2515 658 2556 acuite
681 2514 832 2574 arguteque
854 2507 1006 2559 coniecerit.
1041 2499 1196 2556 Ellendtius
1224 2508 1298 2558 eiecit

320 2603 379 2648 aut.
413 2589 464 2641 Sed
482 2588 535 2639 vid.
558 2583 675 2640 Welchii
697 2584 833 2642 Emendat>
858 2585 914 2641 Liv.
936 2610 961 2658 p.
980 2583 1038 2642 188.
1074 2593 1151 2643 Orat.
1174 2587 1226 2655 69,
1242 2591 1298 2643 229.

297 2747 299 2752 Ι
321 2675 370 2732 sed
388 2689 517 2746 magnam
535 2676 821 2727 exercitationemres
832 2669 967 2746 flagitat,
987 2672 1107 2744 nequid
1125 2693 1233 2740 eoram,
1254 2680 1299 2749 qui

319 2780 407 2835 genus
433 2760 484 2822 boc
509 2760 616 2828 sequuti
641 2774 696 2813 non
719 2768 879 2826 tenuerant,
903 2753 995 2813 simile
1005 2752 1173 2828 saciamini
1198 2779 1233 2815 ne
1252 2777 1296 2814 aut
1328 2823 1329 2840 ¹

262 2845 265 2852 ’
318 2845 402 2902 oerlra
421 2847 589 2899 traiiciamus
614 2853 726 2914 aperte,
752 2860 805 2914 quo
823 2839 922 2896 melius
940 2854 989 2896 aut
1006 2844 1106 2910 cadat,
1130 2858 1184 2900 aut
1202 2849 1297 2901 volva·
1328 2847 1329 2858 ²

322 2942 367 2984 tur
384 2930 484 2985 oratioi
519 2927 638 3000 Meyerus
657 2923 691 2980 ud
707 2929 734 2979 h.
754 2925 773 2980 l.
793 2929 899 2992 „dicere
915 2927 1008 2995 voluit,
1026 2948 1061 2981 ne
1077 2940 1123 2981 ant
1138 2933 1223 2984 verba
1241 2945 1295 2984 tre·

246 3013 249 3018 ’
321 3013 439 3068 iioiamus
458 3025 563 3084 aperte,
582 3025 626 3066 aut
646 3031 753 3066 numero
779 3013 920 3066 servientes
944 3009 1032 3064 inania
1056 3013 1219 3068 inculiemus
1237 3038 1295 3070 ver·

132 3163 136 3170 ,
322 3097 372 3166 ba,
397 3112 441 3152 ent
463 3097 627 3152 concidamus
647 3111 785 3164 numeros,
813 3099 902 3150 autin
922 3093 1014 3151 eodem
1039 3117 1146 3169 semper·
1165 3121 1295 3155 versemur

163 3221 168 3232 ·
256 3253 259 3261 Δ
321 3205 488 3241 numerorum
502 3189 624 3252 genere.“
658 3205 684 3253 p.
703 3186 803 3236 Cluent.
826 3181 876 3249 45,
906 3179 964 3238 127.
998 3197 1048 3236 aut
1073 3183 1148 3238 illud
1166 3186 1296 3258 afferant,
1327 3219 1328 3236 i

246 3259 252 3266 ⁸
324 3271 433 3346 aliquid
449 3289 494 3333 se,
513 3269 588 3340 quod
606 3270 640 3322 de
657 3267 693 3323 iis
710 3259 817 3320 duolrus
836 3267 980 3321 habuerint
994 3282 1183 3339 compertum,
1205 3275 1241 3326 de
1261 3295 1297 3327 ce·

269 3409 272 3420 ,
324 3361 390 3411 teris
408 3357 579 3426 comperisse.
617 3351 693 3408 Nam
711 3351 784 3406 illud
798 3351 908 3424 quidem
927 3356 1038 3408 minime
1054 3349 1232 3424 probandum
1249 3371 1296 3421 est,

326 3441 365 3495 nd
389 3443 545 3494 notationes
571 3441 817 3510 auctoritatemque
842 3437 993 3491 censoriam
1017 3439 1177 3509 exemplum
1197 3443 1267 3498 illos
1282 3466 1298 3499 a
1326 3467 1327 3490 i

325 3523 521 3582 consuetudine
543 3524 659 3580 militari
676 3523 860 3576 transtulisse.
893 3525 934 3574 Ita
951 3526 1020 3576 enim
1038 3525 1206 3586 scribendum
1222 3529 1295 3582 vide·

325 3622 383 3664 tur:
412 3611 457 3662 alii
482 3609 692 3662 eiiciantNerba
716 3608 825 3680 aliquid
848 3623 921 3674 csse,
948 3609 993 3660 ulii
1017 3609 1136 3662 inserunt
1162 3628 1296 3666 nonanta

327 3705 503 3766 compertum.
544 3695 595 3745 Sed
618 3695 761 3746 sentcntiae
787 3693 975 3744 ¹formationem
996 3695 1126 3747 Matthiae
1148 3696 1179 3748 iu
1204 3702 1294 3752 Wolfii

325 3781 444 3838 Analect.
461 3779 486 3834 3.
510 3799 536 3849 ρ.
554 3778 580 3833 3.
599 3780 636 3830 ita
652 3778 782 3846 expediit,
804 3764 837 3828 'ut
862 3777 971 3830 alterum
988 3776 1130 3832 membrum
1147 3794 1252 3834 aot-
1271 3805 1295 3839 se

326 3860 518 3927 transtulisse,
538 3874 636 3916 munta
655 3857 957 3932 oratione‘snppressum
975 3855 1148 3918 enistimaret.
1184 3873 1220 3920 At
1237 3890 1294 3924 seu·

324 3948 407 3999 tentia
419 3949 446 3998 in
463 3963 522 3999 eum
537 3951 651 4013 modum,
666 3967 741 4017 quem
757 3968 783 4018 p.
792 3947 851 4000 530.
864 3948 1056 4018 illustravimus,
1077 3955 1225 4020 compositu
1244 3975 1293 4008 esse

324 4033 435 4086 videtur.
467 4031 539 4106 Dicit
556 4035 624 4086 euim
642 4035 749 4087 Cicero:
774 4051 840 4100 „ego
862 4033 938 4086 video
961 4033 1026 4084 duos
1043 4037 1116 4088 solos
1134 4041 1292 4095 condemna-

324 4129 366 4172 tos
386 4136 401 4172 a
418 4117 583 4185 censoribus,
612 4130 671 4188 aut,
693 4120 716 4173 si
730 4120 781 4174 hoo
798 4135 853 4176 non
875 4119 1067 4178 concesserint.
1091 4123 1222 4192 afferent,
1248 4129 1292 4180 eti-

476 4265 486 4292 t
