2784 4746
370 259 372 262 ⁵
463 327 476 348 =
529 282 767 380 anacam.
835 305 842 316 ’
1011 275 1052 339 Ῑ
1097 318 1159 384 iss

9 467 10 538 ᾗ
61 472 64 520 ἴ
110 464 189 530 dere
206 462 355 531 solemus
376 463 543 541 vocabulis
564 464 718 530 sicmlicb
741 475 878 556 etgar,
910 459 1052 556 quorum
1075 467 1157 536 illud

9 557 10 632 Ῠ
107 550 250 648 proprie
265 549 454 632 indicatid,
470 550 563 639 'quod
585 550 748 626 ducentae
772 548 912 642 cumlrei
932 555 1059 636 ratione
1075 577 1159 620 con·

108 645 238 716 vemat,
262 633 415 700 honrem
440 634 624 702 confectam
647 646 680 699 st
697 636 858 722 repletam
879 637 1048 723 significat.
1097 642 1159 704 At-

9 787 10 790 ,
109 721 241 809 quenti
257 719 324 785 hoc
341 721 481 787 alterum
498 721 692 788 vocabulum
718 720 810 808 (nam
831 723 868 785 in
886 723 988 790 verbo
1004 725 1160 792 ziemliclr

108 805 295 874 cavendum
315 815 382 886 est,
401 828 444 870 ne
484 830 523 872 ro
539 829 631 894 pene
654 807 721 870 sive
736 804 816 894 Jere
840 807 1033 900 accipiatur,
1068 812 1160 898 quod

108 913 180 962 nou
193 913 324 1042 lpaitcos
339 831 491 979 satelliti,
515 893 561 958 ita
585 895 683 960 etiam
706 892 844 956 latinum
870 891 1004 968 additur
1028 895 1068 960 iis
1092 919 1160 960 no·

108 977 193 1044 mini
218 998 277 1056 ns,
299 998 442 1064 quorum
458 979 611 1048 notiones
633 977 751 1062 plenae
771 987 803 1042 et
823 975 987 1065 perfectae
1009 981 1055 1044 sic
1077 1003 1160 1046 con-

109 1063 307 1144 stituantur,
328 1072 365 1126 ut
380 1064 415 1130 in
433 1085 547 1130 earum
563 1061 781 1162 explicatione
794 1061 894 1128 verba
909 1066 1058 1153 omniuo,
1083 1082 1159 1132 cer-x

108 1160 159 1226 te,
177 1149 344 1236 prorsus,
365 1147 516 1220 adhiberi
530 1158 671 1236 possint.
719 1147 823 1297 Idcppe
838 1149 937 1214 etiam
953 1171 1027 1214 cum
1045 1173 1159 1218 accen-

108 1245 181 1314 tus,
203 1255 305 1320 quem
324 1242 356 1298 et
369 1245 494 1300 veteres
510 1235 768 1299 etrecentiores·
799 1233 879 1302 atini
899 1234 933 1299 in
957 1237 1067 1322 prima
1089 1238 1160 1325 syl-

9 1331 10 1342 *
109 1319 183 1385 laba
197 1317 387 1406 ponebant,
419 1335 532 1388 caussa
557 1341 593 1384 ac
617 1319 1004 1406 conditionecongruitr
1036 1322 1076 1386 de
1095 1345 1159 1410 qua

9 1417 10 1426 ’
108 1427 146 1470 re
161 1403 287 1470 Gellius
302 1405 323 1468 7
333 1451 343 1485 ,
361 1407 393 1468 7.
419 1409 472 1472 An
494 1427 573 1471 vcro
597 1405 778 1486 numism,
825 1426 925 1502 quem
947 1428 1011 1472 nos
1033 1409 1161 1505 prima-

108 1491 198 1560 rium
215 1489 406 1578 posuimus,
434 1512 533 1558 sensu
550 1489 628 1570 alia,
644 1487 947 1576 quamperhibent‚
967 1492 1159 1580 significatio
1243 1534 1260 1542 ff

109 1575 325 1652 sufficientiae
344 1573 541 1656 deficientis,
562 1585 601 1640 ut
616 1575 659 1639 sit
673 1575 761 1638 idem
807 1574 875 1638 uod
883 1573 981 1673 sese,
1011 1577 1081 1644 ullo
1124 1603 1160 1643 a·

109 1671 164 1725 cto
184 1659 352 1728 conciliari
367 1663 491 1808 possit,
509 1659 621 1749 paullo
646 1669 726 1808 post
746 1597 939 1726 videbimus.
987 1603 1160 1744 Kaerelie-
1208 1706 1213 1717 -
1242 1668 1245 1678 '

108 1767 166 1817 rus
190 1746 271 1817 dum
285 1739 368 1816 in'la
394 1747 439 1813 nii
455 1746 571 1816 Annal.
587 1743 647 1833 phi
663 1744 751 1836 olog.
771 1750 809 1826 1,
832 1751 914 1894 Lp-
931 1750 1006 1812 202.
1024 1769 1161 1816 omnem

108 1853 209 1902 usum
229 1851 296 1900 una
312 1831 451 1920 notione
466 1833 542 1901 iusti
561 1829 653 1898 modi
669 1829 869 1916 comprehen
894 1851 948 1894 erc
964 1832 1083 1916 studet,
1106 1835 1160 1900 di-

9 1945 12 1958 .
108 1937 205 1981 versa
218 1915 368 1994 miscuit,
391 1937 473 2001 quae
487 1933 531 1982 ne
549 1915 747 2000 cogitatione
765 1914 899 2000 quidem
913 1914 1061 1988 cohiberi
1075 1941 1161 2006 pos.

9 2021 17 2030 ·
108 2010 198 2072 sunt.
243 1997 327 2146 (guis
345 2001 434 2071 eninr
452 2021 547 2081 eum,
569 2001 626 2088 qui
641 1999 690 2073 ad
705 2000 831 2064 iustum
845 2023 1023 2070 numerum
1046 2005 1159 2092 copias
1227 2008 1234 2028 ⁸

109 2083 240 2150 auxisse
278 2083 393 2166 icitur,
410 2085 570 2171 intelliget
584 2086 696 2174 copias
713 2107 927 2176 magnopere,
937 2085 1086 2158 auxisset
1116 2089 1160 2154 Et

9 2219 10 2224 η
109 2167 305 2258 quomodo,
325 2169 353 2238 si
369 2169 559 2250 admodum
583 2180 631 2234 est
655 2169 704 2234 ad
724 2169 850 2240 iustum
876 2169 1032 2247 modum,
1060 2173 1160 2238 verba

109 2278 187 2320 soce
217 2251 405 2321 admodum
433 2279 533 2328 ¹nom
556 2253 653 2326 andei
670 2254 754 2318 verti
777 2253 954 2342 poterunt:
975 2257 1040 2336 mit
1054 2259 1160 2330 welch

107 2280 451 2430 ungewb'ltnlicd
465 2339 638 2414 lieblicher
653 2337 821 2410 Stimme?

191 2424 373 2506 Notiones,
403 2449 482 2514 quas
503 2425 665 2503 diximus,
689 2424 909 2497 sufficientiae
927 2425 960 2496 'et
977 2426 1160 2514 plenitudi-

109 2513 162 2578 nis
185 2531 389 2610 quemquam
419 2513 511 2600 ipsae
537 2513 695 2600 cognatae
726 2535 823 2611 saepe
846 2513 883 2580 in
904 2534 1006 2584 unam
1029 2524 1159 2594 coeunt,
1254 2545 1257 2553 «

109 2618 219 2684 neque
237 2597 356 2662 similia
374 2597 525 2686 exempla
541 2619 674 2685 semper
690 2596 911 2686 discriminari
926 2607 1085 2686 possunt,
1109 2609 1160 2664 ta-

13 2754 20 2767 „
109 2703 189 2750 men
204 2703 284 2746 usus
300 2683 513 2772 antiquorum
531 2682 665 2774 quidem
685 2685 885 2772 scriptorum
903 2684 1001 2748 certis
1015 2685 1160 2747 circum-

51 2827 55 2835 .
110 2767 267 2834 scribitur
280 2765 414 2836 finibus.

197 2858 229 2918 1.
259 2853 462 2942 Acprlmum
479 2861 658 2919 Anatonvnr
666 2847 815 2916 adiicitur
823 2849 988 2916 adiectivis
1000 2862 1031 2917 et
1041 2852 1158 2920 adver-

114 2938 186 3020 biis,
207 2943 352 3028 quorum
369 2936 642 3032 significationem
659 2933 784 3029 repleta
800 2936 936 3007 notione
953 2937 1160 3023 determinat,

113 3023 256 3113 ideoque
274 3023 522 3114 quodammodo
544 3032 649 3115 auget,
666 3031 697 3085 et
705 3019 854 3084 eamdem
864 3021 930 3085 vim
947 3021 1047 3105 addit,
1063 3047 1161 3111 quam

108 3131 174 3194 per
189 3111 329 3198 praebet
337 3110 372 3174 ib
381 3109 627 3216 compositione
638 3107 886 3201 verborumper
912 3119 1037 3184 rutum,
1052 3127 1161 3196 peru-

114 3194 297 3270 doleueens,
313 3190 386 3260 Nos
404 3195 543 3267 ditimus
557 3217 629 3288 gur
643 3203 676 3257 et
690 3191 855 3256 ziemh'clz.
911 3192 943 3256 bi
958 3191 1160 3268 substantiva

113 3277 180 3347 hoc
205 3281 312 3345 modo
333 3291 525 3370 ponuntur,
554 3303 591 3346 ea
614 3301 677 3368 pro
702 3277 866 3342 adiectivis
891 3277 1072 3362 habentur,
1105 3292 1162 3347 aut
1223 3330 1225 3335 -

114 3387 155 3438 ex
179 3365 346 3432 adiectivis
367 3364 454 3437 facta
478 3375 572 3443 sunt,
602 3364 702 3430 veluti
727 3363 872 3439 incenis,
901 3387 1006 3450 puer,
1039 3367 1160 3437 adole-

113 3475 220 3516 scens.
273 3451 428 3520 Ceterum
453 3472 575 3540 parum
600 3448 718 3526 refert,
757 3457 871 3528 utrum
895 3451 1055 3537 particula
1083 3463 1162 3541 post
1217 3463 1221 3474 '

114 3558 213 3608 suum
231 3535 431 3603 vocabulum
446 3537 592 3605 obtineat
614 3536 746 3616 locum,
778 3555 820 3600 an
844 3545 1045 3600 antoanam
1069 3539 1162 3632 quod
1246 3561 1251 3574 ·

115 3622 320 3690 Goerenaius
339 3621 381 3685 ad
398 3621 662 3703 eiecerint,
686 3622 725 3700 5,
750 3624 800 3683 12.
823 3619 1162 3712 animadvertit·,par.-

93 3749 95 3753 ,
114 3708 252 3775 ticulum
274 3717 352 3803 post
374 3709 517 3794 positam
537 3705 688 3794 paullum
709 3703 869 3792 mitigari,
898 3705 932 3769 ld
951 3707 1103 3799 equidem
1126 3711 1161 3774 in

114 3793 251 3882 reliquis
261 3793 421 3880 exemplis
437 3813 635 3884 cognoscere
653 3811 724 3855 non
738 3791 844 3880 potui,
866 3799 898 3854 et
921 3789 948 3858 si
965 3793 1055 3884 quod
1070 3796 1161 3865 miti-

116 3877 259 3963 gationis
281 3876 442 3946 indicium
463 3887 552 3948 recte
574 3875 828 3963 intelligeretur,
857 3873 893 3938 id
917 3887 1005 3948 certe
1026 3903 1097 3944 non
1120 3879 1161 3943 ad

116 3963 357 4052 proprietatem
369 3963 467 4028 huius
484 3961 635 4029 vocabuli
643 3961 832 4049 pertineret.
856 3959 1054 4036 hnmnuero
1064 3985 1161 4059 prae-

118 4049 244 4136 cedens,
254 4049 413 4136 particula
428 4071 531 4138 quum
548 4069 613 4116 una
635 4048 774 4120 notione
789 4043 911 4112 arctius
924 4058 1009 4117 'cum
1026 4048 1161 4120 nomine
1178 4070 1187 4084 ·

120 4135 314 4224 οοριιίεῐιιι,
337 4157 487 4207 seorsum
500 4137 609 4234 posita
624 4134 786 4206 maiorem
800 4132 869 4204 vlm
887 4133 997 4206 effert:
1019 4134 1053 4208 id
1069 4131 1162 4228 quod

356 4419 363 4448 Ι
