2760 4748
312 311 315 320 '
407 295 564 395 suurn
605 290 820 428 intusne.
914 315 923 342 ⁴
1076 329 1138 396 sss

185 481 218 546 5.
249 478 353 544 Siouti
372 490 470 560 onte;
504 450 726 546 etiam‘onteo
741 481 776 546 in
793 478 1006 572 disponendis
1029 476 1140 550 diver?

92 564 365 653 sistemporibus
384 566 603 656 poniturlpro
617 567 779 652 primum.
1004 591 1010 598 ·
1231 566 1236 574 “

212 681 269 738 Lir.
296 683 331 748 8,
355 683 388 747 8,
411 683 439 737 6.
466 683 564 755 clipeis
590 697 684 742 antea*
699 687 824 757 Romani
848 691 892 743 usi
910 694 1000 743 'sunta
1027 687 1141 754 deinde,
1234 685 1238 690 ”

89 791 100 800 ·
167 781 319 842 postquam
338 768 516 839 stipendiarii
533 765 608 838 fatti
632 782 715 837 stent,
740 765 818 828 stuta
841 791 893 842 pro
910 774 1009 845 clipeis
1027 769 1143 845 fetores

167 863 198 908 et
215 851 291 924 quod
312 863 396 906 antea
421 853 578 923 phalanges
603 853 708 909 similes
734 857 937 922 macedonicis,
964 857 1016 928 lios
1042 869 1144 930 postea

167 935 368 1008 manipulatim
387 948 492 996 structa
512 943 584 1014 ascios
603 944 694 1010 eoepit
718 959 787 1006 esse.
824 943 967 1002 Postremo
992 946 1022 998 in
1047 941 1145 1015 plutas
1229 991 1231 994 .

166 1023 281 1078 ordines
299 1021 510 1076 instruebantur.
534 1023 579 1076 ubi
601 1023 646 1076 elii
664 1025 834 1104 radiante.

203 1115 407 1182 Plin.flist.1i.
427 1123 529 1191 4‚11‚
548 1126 589 1182 18.
615 1126 752 1198 oppidum
777 1126 829 1182 sub
856 1127 996 1201 Rhodopa
1025 1129 1144 1186 Panae-

169 1210 365 1283 polluenter,
401 1226 467 1262 mos
492 1232 511 1265 a
538 1211 681 1274 uenditare
710 1211 939 1294 Philippopolis,
964 1233 1034 1270 aune
1051 1234 1070 1272 a
1086 1218 1145 1272 situ

176 1295 363 1354 Trimontium
381 1293 467 1351 diota·
923 1297 924 1302 ’

436 1446 781 1590 =strumento.
815 1543 818 1546 ,

184 1645 284 1712 Recte
298 1647 442 1730 iaciunt,
489 1648 524 1713 ui
541 1649 576 1714 in
594 1667 758 1716 aurnuns
777 1671 848 1715 non
869 1649 1056 1738 intelligunt
1078 1650 1160 1716 leoe-

99 1750 166 1820 pro
181 1730 267 1794 bueo
282 1732 417 1812 dictum,
438 1671 496 1798 seb
513 1733 690 1800 ablativum
704 1736 750 1798 ita
768 1737 1003 1826 compositum,
1027 1751 1147 1824 quem·
1158 1773 1167 1790 -,

100 1816 283 1897 admodum
301 1815 468 1882 formatur
490 1816 621 1900 adbuc,
643 1820 1063 1906 quapropter,.leootenne.
1107 1819 1148 1884 ld
1252 1845 1258 1858 ·

101 1901 174 1966 fieri
190 1923 306 1987 posse,
331 1903 397 1966 iam
414 1901 602 1966 Perizonius
628 1905 668 1967 nd
686 1904 810 1968 Santtii
825 1905 906 1970 Min.
924 1907 964 1985 4,
984 1905 1016 1968 4.
1040 1926 1075 1991 p.
1092 1909 1147 1969 72.

102 1985 279 2050 arbitratus
298 1996 356 2050 est.
392 1985 507 2072 Inepte
525 1987 752 2076 explicuerunt
767 1989 821 2054 alii
839 1989 975 2086 plurimi
990 2001 1149 2074 perante

100 2073 188 2140 leuet
206 2071 366 2158 negotio,
387 2069 576 2159 siuefuotu.
618 2073 766 2138 Donatus
791 2075 925 2159 quadani
950 2073 991 2138 ad
1013 2061 1150 2142 Terent.

61 2168 81 2201 Κ
101 2155 325 2238 Anda-nt,
349 2160 400 2220 16.
424 2159 710 2242 anteltacJJna
732 2171 834 2224 ante
849 2161 1148 2226 liaeoconmetu-

103 2242 186 2311 diste
204 2242 318 2328 magis
338 2265 441 2329 quom
454 2243 591 2308 ratione
607 2243 744 2308 dieitur.
766 2266 845 2314 nam
868 2247 914 2308 ita
937 2243 1148 2308 scribendum

104 2351 175 2399 esse
191 2349 291 2394 nemo
307 2349 378 2418 non
402 2327 501 2394 videt.
551 2327 617 2393 Sed
633 2330 865 2412 grammaticus
883 2329 953 2422 ipso
973 2321 1150 2394 vehemen-

101 2423 155 2478 ter
175 2423 277 2476 errat:
310 2435 388 2478 uam
410 2413 476 2480 leae
501 2434 569 2496 non
596 2413 705 2480 solum
729 2413 768 2479 de
789 2413 970 2496 loco-,sed
994 2416 1091 2480 etiam
1107 2414 1149 2478 de

102 2509 172 2564 tem
201 2521 260 2562 oro
275 2497 338 2564 dici
353 2509 500 2586 poterat:
527 2520 635 2586 neque
650 2519 755 2564 unum
775 2499 970 2588 venabulum
985 2499 1072 2576 bora
1089 2513 1150 2575 est,

105 2521 198 2672 quob
213 2581 458 2650 substituamus.
498 2583 583 2650 lllud
592 2632 602 2662 ,
628 2583 718 2672 quod
735 2583 880 2674 Scaliger
895 2586 935 2650 ad
942 2585 1058 2671 virgil.
1074 2583 1150 2648 Cui.

104 2677 139 2740 3.
161 2668 276 2750 affert,
312 2671 472 2736 Varronis
494 2671 719 2758 ltoepropter,
754 2693 824 2738 non
858 2669 983 2736 dietum
1013 2677 1172 2757 est‘pro·
1248 2751 1249 2755 Ἰ

104 2756 191 2822 naec
230 2764 366 2839 raptor,
391 2756 448 2819 sed
464 2753 562 2820 habet
577 2757 611 2820 in
627 2778 663 2822 se
679 2755 857 2822 ablativum
873 2753 1036 2822 eumdem.
1066 2791 1069 2796 ·

214 2837 357 2928 ignifioat
380 2855 547 2908 aurnuns
579 2849 652 2903 ante
678 2839 744 2902 hoo
780 2849 932 2926 tempus,
971 2849 1046 2906 ante
1069 2837 1152 2902 illud

105 2935 259 3012 tempusa
297 2922 451 3009 sordem,
487 2927 611 3009 προτοῦ.
671 2925 898 3015 Opponuntur
931 2943 1038 3006 nune,
1079 2925 1159 3014 iom-

103 3020 139 3077 et
160 3020 251 3076 tuno.
1081 3023 1084 3030 ⁴
1153 3050 1164 3054 -

209 3130 292 3184 Plaat.
306 3131 380 3199 cept.
402 3129 445 3196 aq
459 3127 493 3197 1,
519 3125 561 3182 47.
580 3128 656 3202 quod
675 3125 794 3184 antebac
812 3147 864 3201 pro
885 3130 943 3182 iure
959 3123 1155 3200 imperitabam

173 3232 257 3281 meo,
276 3234 347 3272 auno
366 3225 393 3267 te
413 3231 462 3266 oro
483 3232 534 3284 per
549 3233 666 3284 precem.
709 3217 819 3268 Terent.
840 3215 920 3269 Andr.
940 3213 971 3274 1,
992 3211 1025 3276 2,
1046 3209 1087 3266 15.
1104 3209 1156 3265 secl
1204 3222 1209 3234 ¹

176 3319 249 3354 nuno
265 3319 298 3354 aa
314 3319 357 3352 me
373 3301 513 3369 exquirere
532 3301 620 3372 iniqui
644 3303 735 3372 patris
753 3308 815 3353 ests
836 3317 918 3363 nam,
946 3293 1021 3369 quod
1037 3295 1155 3350 antelmo

172 3379 267 3457 feeit,
292 3383 363 3439 nibil
392 3383 430 3438 ad
455 3403 498 3438 me
522 3386 632 3437 attinet.
647 3412 682 3424 -
710 3382 793 3436 Nune
817 3381 861 3437 bio
884 3381 943 3436 siles
962 3379 1049 3435 aliam
1066 3382 1156 3435 vitam

175 3467 271 3541 affert.
307 3471 360 3521 Cic.
378 3469 411 3521 ad
428 3471 499 3520 Fam.
518 3465 569 3532 12,
587 3466 640 3530 23,
658 3467 683 3519 6.
708 3477 792 3538 atque
814 3464 932 3522 antebac
957 3465 1068 3538 quidem
1092 3483 1155 3536 spe·

176 3554 240 3608 rare
263 3552 363 3608 saltem
389 3551 507 3606 licebatt
529 3570 600 3604 nuno
624 3550 709 3606 etiam
727 3550 759 3606 id
777 3563 900 3621 ereptum
924 3561 976 3605 est.
1016 3553 1078 3602 Non
1101 3551 1155 3603 alio

177 3639 257 3691 modo
277 3637 418 3690 Terentius
436 3637 517 3688 Andr.
534 3636 570 3700 as
589 3636 619 3704 1,
636 3637 662 3692 3.
684 3649 715 3690 ut
732 3639 841 3692 animus
857 3639 887 3691 in
905 3653 956 3706 spe
975 3643 1059 3706 atque
1076 3638 1106 3689 in
1123 3637 1157 3688 ti.

178 3713 256 3778 more
280 3739 366 3794 usque
393 3719 510 3774 antebac
527 3730 649 3773 attentus
668 3717 749 3790 fuit,
775 3723 831 3786 ita,
857 3729 1007 3791 postquam
1021 3717 1157 3792 adempta
1248 3727 1251 3733 “

178 3825 244 3878 spes
260 3817 319 3871 est,
339 3806 429 3860 lassus
448 3808 520 3858 eirea
537 3799 683 3874 confertus
705 3817 807 3876 stupet.
832 3806 876 3859 ubi
894 3807 1028 3856 Donatus:
1056 3803 1088 3859 iel
1104 3815 1156 3865 est,

141 3909 143 3914 ’
178 3903 330 3963 antequam
349 3900 398 3944 tua
414 3887 498 3944 uerba
515 3887 661 3942 audirems
677 3899 706 3943 et
723 3890 795 3943 duas
810 3889 1034 3963 praepositiones
1050 3888 1157 3958 posuit,

179 3986 213 4030 ut
230 3975 349 4030 dieitur:
372 3974 421 4030 secl
439 3993 495 4028 ara
512 3983 696 4042 autentum,
722 3975 801 4029 velut
820 3973 996 4038 adverbium,
1024 3991 1081 4026 non
1100 3973 1158 4024 iam

22 4056 25 4064 ’
125 4099 128 4104 .
174 4061 368 4132 praepositio.
398 4060 479 4114 Nulla
497 4057 603 4110 ommno
623 4069 672 4114 est.
699 4057 825 4123 Antelios
842 4069 956 4112 estante
974 4058 1025 4109 hoo
1044 4046 1164 4124 tempus,'

182 4161 236 4218 quo
252 4143 374 4216 adempta
391 4162 449 4218 spes
465 4153 519 4200 «est.
553 4143 639 4201 Tacit.
656 4148 723 4206 anm
744 4143 795 4215 16,
809 4143 852 4202 81.
886 4139 1169 4218 Plaut.Episl.1,1i
1272 4199 1280 4243 q

392 4297 399 4338 i
