2662 4744
241 289 328 368 m

224 459 228 466 ’
326 457 360 522 8.
393 442 436 522 1ιί
454 431 623 526 sententiis
649 431 711 544 per
731 466 846 522 antem
860 452 1027 542 oppositis
1048 473 1157 542 coepe
1180 452 1243 530 fit,
1262 465 1295 520 ut

243 537 281 604 in
296 543 522 630 prosequendo
535 541 819 610 demonstratione
832 561 902 605 non
915 539 1021 604 modo
1033 539 1132 604 idem
1151 541 1297 606 vocubu-

243 621 333 702 lum,
355 622 417 692 eliu
432 630 560 694 ratione
581 625 744 709 subiecta,
769 625 891 692 iterum
914 634 1079 712 ponatur,
1109 625 1177 690 sed
1202 629 1296 691 muru

117 771 121 780 .
242 707 297 784 id,
321 711 412 798 quod
427 711 467 776 eb
483 713 582 778 ultore
603 723 697 799 purte
720 710 1013 792 considerandum,
1034 709 1069 774 in
1086 713 1295 776 anteceden-

242 793 329 874 tibus
342 796 409 872 iem
425 808 722 878 commemoratum
749 797 809 878 sit,
834 807 931 896 etque
950 815 991 860 ex
1005 797 1116 884 priori
1130 798 1295 863 sententio
1321 829 1322 842 ι

241 880 408 966 posterior
422 881 735 972 prodire'ridce'tur:
759 901 826 972 quo
848 903 885 947 tn
906 901 997 946 nexu
1020 879 1144 947 eedem
1172 903 1232 950 res
1252 883 1293 948 bis

142 961 154 1001 ⁵
240 967 444 1047 nominatur.
493 968 590 1036 Vnde
620 965 861 1034 Ramshuruios
883 967 1031 1032 Gremm.
1051 989 1086 1053 p.
1112 967 1199 1034 541.
1222 969 1293 1034 uni·

240 1067 374 1118 versum
400 1065 613 1142 praeceptum
641 1051 707 1118 hoc
738 1051 889 1118 tradidite
920 1051 1099 1139 particulae
1124 1054 1203 1118 vim
1233 1076 1295 1119 erse

224 1153 342 1200 unum
358 1145 390 1202 et
404 1141 590 1226 propriam,
607 1148 645 1204 ut
656 1139 751 1204 notio
772 1137 878 1226 ulique
892 1147 967 1202 ente
979 1137 1157 1224 proposita
1173 1139 1294 1204 iterum

241 1221 441 1312 excipiatur,
465 1235 498 1289 et
520 1225 635 1290 eedem
649 1224 803 1310 cogitutio
819 1245 879 1310 per
903 1221 998 1288 olium
1020 1225 1232 1288 sententium
1254 1247 1293 1290 ex

240 1305 342 1371 ultera
355 1305 488 1394 quidem
506 1321 598 1396 porte
611 1318 856 1398 promoventur.
899 1307 1000 1387 Quod
1015 1309 1043 1374 si
1059 1307 1102 1372 de
1116 1319 1214 1374 certe
1238 1311 1293 1376 uli-

240 1411 305 1487 qua
320 1391 427 1478 specie
441 1393 567 1460 dictum
590 1405 691 1476 esset,
716 1393 853 1481 probnri
869 1391 1012 1458 deberet.
1056 1394 1099 1460 At
1113 1395 1179 1458 iste
1199 1418 1292 1482 repe-

238 1475 314 1540 utic
332 1477 475 1544 ciusdem
497 1479 643 1546 notionis
666 1501 741 1544 cum
787 1477 941 1544 orticuioe
963 1487 1081 1544 nature
1104 1482 1290 1566 oppositivc

233 1565 310 1626 'non
325 1563 435 1630 miuus
452 1567 605 1632 convenit
620 1585 717 1652 quum
733 1501 859 1650 reiiquo
875 1563 997 1642 omnic,
1013 1581 1127 1652 neque
1142 1567 1178 1630 iu
1195 1567 1288 1631 istam

239 1645 451 1732 opinionem,
470 1661 571 1738 puto,
590 1651 641 1715 vir
668 1649 873 1719 doctissimus
898 1647 1082 1726 incidisset,
1107 1651 1177 1714 nisi
1200 1661 1286 1716 antee

239 1731 402 1820 originem
421 1757 463 1799 ex
480 1729 531 1818 αὖ,
553 1757 680 1810 narsus,
701 1735 878 1802 derirutem
902 1732 965 1798 sibi
982 1733 1216 1802 informasset.
1257 1738 1286 1801 Si

237 1817 370 1902 quando
385 1817 474 1884 idem
490 1819 627 1884 verbum
643 1821 762 1884 iterum
781 1817 974 1908 ponendum
988 1828 1048 1898 est,
1071 1819 1284 1910 distinguitur

236 1915 442 1986 petentem,
465 1915 582 1992 utpote
597 1905 638 1972 ud
657 1905 792 1972 alterum
812 1914 942 1994 purtem
956 1904 1148 1988 pertinens,
1170 1907 1236 1985 itu,
1254 1917 1285 1972 ut

238 1983 279 2050 eb
310 1987 425 2054 ecdem
455 1991 594 2056 notione
623 1995 709 2056 novo
742 1991 877 2079 incipiet
900 1988 1069 2086 cogitatio.
1117 1990 1171 2056 Itu
1193 2015 1285 2080 saepe

235 2069 338 2138 etiem
351 2095 405 2139 res
421 2085 515 2140 auten
528 2067 796 2153 nomiuntc,'·eed
812 2073 947 2163 propius
963 2093 1030 2140 rem
1043 2086 1212 2162 spectata,
1232 2101 1284 2176 per
1321 2143 1322 2148 ,

235 2167 353 2254 eutem
368 2159 564 2228 distinctiori
582 2161 794 2230 declomtioni
812 2158 1045 2238 committitur,
1070 2159 1132 2228 ubi
1153 2183 1222 2231 nus
1237 2164 1284 2230 dr-

236 2261 342 2310 otmus
358 2243 451 2312 aber.
807 2249 814 2260 '

348 2363 404 2418 otc.
422 2365 451 2418 in
462 2366 516 2421 Pis.
534 2363 587 2434 88,
601 2363 645 2420 94.
662 2363 806 2424 admoneri
822 2381 866 2422 nte
879 2363 949 2420 rutis
962 2373 1013 2421 ert.
1047 2364 1226 2424 Admonebit
1239 2387 1284 2422 ae·

303 2457 360 2502 tem
376 2468 457 2505 nemo
474 2451 550 2506 attus
568 2454 625 2508 nist
644 2447 832 2524 reipublicae
857 2461 975 2523 temper.
1008 2450 1080 2507 Phil.
1099 2452 1154 2516 11,
1176 2454 1228 2518 10,
1243 2450 1281 2507 24

299 2551 372 2588 nune
392 2534 469 2605 qnod
487 2537 583 2608 agitur
599 2553 724 2610 agarum.
756 2537 860 2610 Agitur
875 2546 988 2607 atem,
1010 2534 1128 2593 titan.
1143 2540 1280 2606 nimus,

300 2637 340 2674 an
359 2631 475 2676 mortem
492 2618 633 2677 obeamus.

345 2742 378 2792 In
403 2742 522 2796 oratioue
549 2727 727 2797 vehementius
752 2737 866 2794 excitute
889 2749 982 2794 autern
1003 2737 1139 2808 particula
1155 2739 1280 2794 vocabulo

299 2821 398 2878 iterum
423 2829 512 2896 posito
539 2827 614 2880 nddit
637 2827 733 2880 lumen.
767 2825 845 2888 Quod
858 2825 1013 2896 praesertim
1037 2825 1069 2876 fit
1093 2823 1123 2876 in
1149 2827 1278 2880 exclame-
1319 2823 1320 2864 ἶ

296 2905 381 2962 tione.
415 2911 500 2965 Pleut.
516 2911 573 2964 Mil.
589 2909 624 2977 3,
643 2911 677 2977 1,
694 2909 737 2964 84.
763 2907 867 2966 liberae
883 2909 982 2973 aedes,
1009 2905 1080 2964 liber
1104 2927 1170 2964 snm
1189 2923 1278 2966 aem

296 3011 372 3066 eger
388 3013 430 3052 me
449 2997 492 3050 uti
509 2994 576 3050 volo
597 2991 691 3051 libere.
718 2997 799 3049 Mero.
814 2996 850 3060 2,
868 2995 901 3061 2,
918 2993 962 3047 48.
979 2995 1033 3050 vid.
1051 2997 1080 3066 p.
1099 2992 1162 3050 568.
1188 2997 1279 3050 Pseud.

221 3083 223 3088 “
297 3075 331 3146 4,
348 3079 381 3147 8,
399 3081 424 3135 1.
440 3081 508 3136 bene
527 3098 579 3153 ego
597 3079 679 3136 illum
695 3079 792 3154 tetigi,
819 3075 887 3135 bene
909 3089 1001 3134 antem
1019 3077 1115 3134 servos
1137 3081 1276 3136 inimicare

296 3181 386 3218 snum.
419 3166 502 3220 Stich.
527 3165 559 3230 1,
583 3163 618 3233 8,
644 3163 687 3218 68.
713 3175 781 3238 quot
804 3168 935 3237 potiones
959 3163 1062 3220 mulsi!
1092 3175 1164 3237 quot
1185 3176 1277 3220 autern

295 3248 440 3319 prandia!
463 3253 524 3304 Non
540 3249 617 3302 aliter
633 3247 711 3319 Epid.
731 3247 757 3316 5,
774 3249 801 3316 2,
819 3249 845 3301 6.
863 3260 932 3322 quot
949 3249 1009 3305 illio
1025 3245 1112 3303 totto
1127 3268 1172 3304 me
1186 3269 1275 3304 exeru-

295 3330 355 3402 plir
372 3331 559 3404 ludificam'st
583 3344 665 3406 atque
682 3335 730 3388 te!
755 3343 786 3386 ut
812 3331 873 3388 illio
896 3345 989 3390 autem
1013 3339 1188 3390 exenteravit
1209 3333 1277 3390 mitt

295 3433 366 3488 oper
392 3421 586 3490 argentarias!
612 3420 667 3472 Cic'.
691 3419 770 3472 Tusc.
796 3415 829 3486 5,
855 3419 907 3484 20,
932 3418 976 3472 57.
996 3439 1052 3494 qna
1068 3418 1276 3490 pulchritudine

297 3498 407 3571 urbem,
426 3502 524 3576 quibus
541 3505 636 3558 tutem
653 3493 753 3578 opibris'
771 3502 948 3572 praeditam,
966 3507 1100 3563 sentitute
1113 3522 1277 3577 oppressam

292 3590 384 3643 tenuit
400 3591 552 3645 civitatem.
587 3589 715 3642 Graecum
735 3605 809 3639 usum
838 3588 983 3658 particulae
1011 3585 1044 3645 tt
1069 3587 1189 3642 illustrat
1204 3592 1276 3643 Mat·

293 3669 368 3728 thiae
384 3673 412 3726 in
430 3675 546 3728 Gremm.
564 3693 591 3746 p.
610 3672 687 3728 1245.
707 3673 770 3725 edit.
790 3691 844 3726 sec.
1113 3683 1116 3688 '

323 3790 444 3846 Duleme
463 3795 492 3846 in
508 3794 566 3849 Lir.
581 3792 633 3862 24,
647 3791 700 3860 47,
716 3792 741 3845 5.
757 3791 896 3862 legendum
913 3807 969 3844 esee
987 3789 1118 3866 coniecit:
1137 3787 1224 3866 quine
1240 3788 1275 3847 ob

293 3891 397 3930 noxam
420 3881 627 3945 Rornanorum,
655 3875 730 3952 quod
756 3886 849 3933 actem
874 3879 1002 3932 meritum
1023 3875 1221 3932 Romanorum
1239 3902 1271 3918 -

291 3983 328 4011 ι.-
346 3957 450 4017 bellum
466 3975 598 4036 gererent.
632 3965 711 4034 idque
726 3966 827 4035 recepit
843 3960 985 4034 strothius.
1020 3961 1137 4016 Similem
1153 3973 1272 4018 structu-

289 4062 346 4100 ram
361 4047 483 4118 equidem
502 4064 628 4120 nusquam
651 4050 755 4128 reperi:
782 4068 849 4124 quoe
865 4047 992 4120 ,Dukeroe
1016 4045 1112 4119 affert,
1140 4047 1270 4111 fflsnmtl-

293 4129 357 4188 lima
374 4143 442 4188 suut.
476 4134 530 4190 Sed
545 4133 598 4190 rid.
612 4151 640 4208 p.
657 4132 718 4190 555.
877 4127 879 4134 '
