2752 4748
545 365 548 378 1
613 327 681 395 su.
942 385 952 436 ¹.
1065 339 1147 418 ,rs

164 473 210 530 aa*
235 453 313 530 mauu
348 475 466 534 additum
483 443 536 534 eit.
553 542 557 550 ἱ
577 481 629 534 aad
667 477 829 553 frequentius
861 485 959 556 legitur
988 465 1018 542 iri
1045 506 1143 561 gesua-
1254 479 1257 485 ¹

159 561 349 634 procumbere.
1236 580 1240 588 ’

178 703 218 764 6.
228 699 278 767 Ι)5
292 699 535 788 praepositione
551 716 598 766 An
614 721 690 764 oum
700 700 888 768 nominibus
901 702 1034 768 urbium
1050 727 1135 770 con-

92 784 206 869 iuncta
230 785 435 872 grammatici
451 796 500 848 sat
514 786 658 850 multum
673 787 891 874 disputarunt.
933 789 980 852 Ac
998 791 1135 876 plurimi

93 870 239 955 aliquam
264 870 407 934 veritatis
430 881 560 956 partem
584 872 781 958 attigerunt,
812 873 907 958 pauci
923 881 1051 954 tamen,
1082 877 1135 942 vel

92 977 195 1019 nemo
221 954 275 1036 id,
308 977 375 1041 quo
392 964 464 1018 tota
479 956 624 1042 quaestio
642 957 882 1040 absolveretur,
910 960 1149 1056 eomprehen-¹

92 1037 168 1104 siun
199 1039 316 1105 tenuit.
358 1039 423 1104 Alii
450 1043 537 1104 enim
570 1040 820 1106 observaverant
852 1045 1142 1128 praepositionem
1197 1124 1198 1132 ἵ

94 1125 207 1189 omitti
237 1124 345 1188 solere
363 1125 398 1190 in
419 1125 610 1190 nominibus
627 1127 776 1193 urbium:
808 1128 896 1190 unde
913 1128 1078 1194 Charisius
1091 1152 1133 1195 ex

91 1209 290 1276 Palaemone
304 1233 339 1298 p.
356 1214 430 1274 205.
446 1209 588 1274 nomina
603 1211 785 1276 civitatum
795 1212 868 1276 sine
875 1235 966 1298 prae
991 1215 1137 1296 ositione,
1250 1217 1251 1223 '

43 1361 49 1366 .
92 1307 171 1359 erant
189 1317 268 1358 crim
283 1292 389 1358 verbis
411 1295 524 1372 eundi,
539 1297 720 1372 manendi,
746 1296 922 1360 redeundi.
954 1236 997 1360 111
1019 1299 1131 1385 paullo

85 1390 186 1467 post:
204 1380 418 1467 generaliter
431 1392 465 1449 et
479 1381 649 1458 canonice,
659 1379 876 1447 ntllomanua
891 1382 1132 1448 disertissimus

93 1465 179 1530 artie
195 1465 344 1550 scriptor
358 1461 473 1553 refert,
483 1467 758 1564 praepositiones
769 1465 927 1554 gentibus
942 1491 999 1531 sea
1014 1464 1132 1556 natic—
1166 1479 1172 1508 l

92 1549 189 1614 nibus
209 1549 402 1630 adduntur,
424 1549 616 1614 ciuitatibus
635 1551 836 1616 adimantur
851 1561 883 1616 et
898 1551 1131 1628 detrahuntur.

91 1637 172 1700 licet
198 1647 319 1700 contra
345 1635 526 1699 nonnullos
550 1653 673 1700 veteres
695 1636 820 1700 dixisse
837 1637 1065 1721 reperiamus,
1094 1653 1132 1703 ut

92 1718 190 1808 apud
212 1719 367 1795 eamdem
388 1719 580 1784 Romanum
595 1721 759 1785 invenies.
803 1721 933 1785 Servius
957 1722 998 1786 ad
1015 1724 1131 1811 Virgil.

8 1851 9 1868 .
91 1813 172 1871 Aen.
192 1811 229 1886 1,
252 1811 284 1870 2.
316 1827 374 1869 ars
398 1805 532 1893 quidem
554 1807 616 1870 hoc
631 1807 756 1894 exigit,
785 1817 824 1871 nt
841 1805 1032 1870 nominibus
1045 1831 1130 1896 pro-

8 1895 10 1902 '
90 1891 283 1956 vicciorum
296 1892 588 1977 praepositionem
610 1891 801 1974 addamus,
830 1893 1008 1956 civitatum
1030 1917 1130 1972 πανη-1

8 2031 9 2036 ,
90 1969 205 2064 qrrant.
252 1975 381 2040 Tamen
403 1976 598 2064 plerumque
620 1979 683 2042 lzoo
703 2000 858 2064 perverso
874 1977 993 2041 ordine
1008 1979 1132 2050 lesam

91 2073 151 2126 est.
195 2057 291 2128 Nam
317 2085 390 2125 ecce
409 2065 472 2126 doc
495 2063 568 2125 loco
591 2061 744 2128 detraxit
764 2063 963 2150 provinciae
977 2086 1129 2152 praepo-

90 2131 249 2212 sitioneni
265 2145 399 2210 dicens.-
420 2147 608 2213 Italiam
630 2147 754 2213 uenit
774 2168 839 2234 pro
860 2146 1131 2214 adltaliam

8 2223 9 2246 ¹
91 2233 219 2297 venit.
252 2231 385 2296 Tullius
410 2231 448 2295 in
474 2230 653 2296 Verrinisr
691 2255 742 2296 ea
773 2233 844 2299 die
879 2229 1042 2297 Verres
1074 2233 1131 2298 ad

91 2319 337 2382 Messanam
367 2317 503 2398 uenit,
535 2339 600 2404 pro
620 2317 869 2382 Messanam
897 2316 1025 2380 uenit.
1066 2319 1131 2384 Alii
1175 2328 1179 2344 '

89 2402 355 2552 praepositiones
377 2402 510 2466 urbium
535 2400 724 2467 nominibus
743 2401 835 2482 addi,
856 2397 951 2466 facile
968 2405 1130 2469 eoncede-

111 2498 185 2568 ant,
221 2487 407 2636 propositis
437 2489 531 2551 certis
563 2486 736 2584 exemplis.
778 2485 828 2550 Ita
854 2487 970 2552 Cicero
994 2509 1036 2552 ex
1058 2489 1129 2578 ipsa

90 2573 171 2638 urbe
194 2573 309 2660 Ayeia
330 2573 462 2658 scripsit
475 2573 603 2636 'Tironi
621 2577 678 2654 16,
702 2578 734 2636 2.
759 2571 859 2636 tertio
879 2571 935 2636 die
951 2569 1011 2636 aba
1029 2584 1062 2639 te
1081 2575 1130 2640 ad

88 2657 250 2746 Alyziam
265 2679 525 2724 accesseramus.
539 2659 574 2722 in
589 2660 683 2722 Verr.
701 2663 730 2737 1,
746 2659 799 2737 27,
816 2661 868 2721 69.
885 2679 986 2742 quiem
1001 2682 1065 2744 ego
1081 2661 1130 2727 ad

90 2741 404 2808 Heracleamnoctn
413 2743 618 2806 accederem.
640 2739 859 2828 aanm.3,6,
868 2746 899 2804 2.
908 2739 997 2804 nilril
1005 2743 1131 2809 metibi

87 2829 225 2915 gratius
239 2825 362 2915 facere
383 2850 499 2914 posse,
531 2846 633 2912 qulam
647 2826 678 2888 si
695 2824 743 2887 ad
757 2824 881 2888 Sidam'
899 2825 1128 2914 navigassem.

90 2924 120 2977 et
136 2913 270 2978 Sallust.
285 2912 356 3000 lug.
370 2915 424 2980 75.
444 2935 482 2976 ec
497 2910 599 2974 modo
617 2911 799 2974 instructas
819 2909 867 2972 ad
884 2909 1032 2974 Tlaalam
1042 2937 1129 2999 pro<

82 2994 337 3084 ficiscitur—57,
359 3003 388 3062 1.
419 2997 552 3062 Marius
573 2993 622 3060 ad
646 2990 797 3060 Zamam
815 2995 979 3081 peruenit.
1005 2998 1075 3060 Liv.
1095 3001 1127 3078 5,

92 3087 196 3166 rus.
219 3081 371 3148 indeed
395 3079 501 3148 Veios
524 3082 687 3146 exereitus
713 3079 845 3142 ductura.
875 3079 1001 3166 (tamen
1021 3081 1055 3160 5,
1076 3088 1127 3162 20,

89 3169 119 3231 1.
150 3179 188 3233 nt
215 3166 274 3268 qui
303 3167 478 3256 particeps
511 3190 581 3232 esse
606 3163 769 3316 praedae
796 3163 917 3248 vellet,
949 3165 987 3228 in
1010 3178 1129 3232 castra

95 3251 198 3318 Veios
221 3255 312 3336 iret.)
334 3260 373 3333 ll,
399 3255 458 3333 24,
482 3259 510 3318 1.
536 3251 585 3316 ad
631 3274 731 3315 oram
750 3247 830 3313 inde
846 3245 1006 3329 reditum.
1019 3257 1072 3326 23,
1097 3259 1126 3317 1.

92 3338 137 3402 od
159 3339 285 3403 δοναηι
303 3335 484 3402 traductae
501 3338 663 3424 legiones.
681 3338 720 3414 9,
735 3337 795 3406 22,
815 3339 844 3397 1.
869 3340 900 3407 6,
917 3341 969 3416 82,
988 3337 1020 3400 5.
1043 3338 1128 3402 Cae-

90 3445 139 3488 sar
158 3423 198 3488 B.
216 3424 301 3488 Gall.
323 3430 357 3504 l,
380 3426 411 3487 7.
432 3421 481 3487 ad
498 3417 850 3506 Genavam-pervenit.
873 3419 911 3483 B.
930 3420 999 3483 Cir.
1017 3428 1036 3486 3
1046 3470 1056 3503 ,
1072 3429 1125 3490 30..

91 3513 119 3581 11,
138 3513 193 3574 89.
217 3508 310 3572 Gurt.
327 3509 359 3588 1,
381 3514 410 3590 1,
429 3509 479 3573 15.
497 3503 549 3571 Cf.
565 3505 720 3570 Alvnrum
735 3503 774 3567 de
793 3501 868 3566 inst.
885 3525 941 3589 gra
980 3549 989 3567 .
1006 3529 1040 3592 p.
1051 3511 1125 3571 347.

93 3603 122 3655 er
139 3615 222 3682 quae
246 3594 287 3658 de
310 3613 384 3658 voe.
407 3591 444 3657 ia
459 3613 520 3656 suo
540 3589 617 3656 loco
633 3585 731 3654 infra.
751 3588 858 3674 Atque
874 3525 1127 3674 ipsalaeaabo-

92 3697 147 3741 nus
161 3680 199 3743 in
209 3679 357 3743 sueton.
376 3675 491 3742 Claud.
511 3681 541 3741 1.
561 3695 682 3762 corpus
698 3675 769 3738 eins
784 3693 848 3760 per
862 3671 1127 3761 municipiorum

92 3763 360 3850 coloniarumque
372 3761 588 3850 primores-
599 3759 649 3824 ad
662 3757 778 3824 urbem
792 3757 964 3822 devectum
980 3784 1050 3826 esse
1064 3785 1126 3828 ex-

91 3847 201 3932 plicuit
225 3847 264 3914 in
279 3841 406 3913 urbem.
434 3847 531 3930 Quae
553 3841 706 3932 exempla
728 3862 831 3943 quum
848 3843 974 3908 rariora
993 3868 1061 3912 esse
1074 3849 1126 3912 vi-

93 3931 253 4015 derentur,
268 3927 469 4027 Perizonius,
492 3929 616 3996 Sanctii
630 3927 824 4019 sententiam
840 3925 875 3992 in
891 3926 1030 3997 Minerr.
1046 3933 1076 4004 4,
1093 3937 1124 3994 5.

92 4017 251 4101 refellens,
267 4028 357 4083 certe
378 4014 642 4105 frequentiorem
654 4012 795 4080 usumin
803 4013 1124 4100 praepositionenon

92 4103 192 4172 addita
217 4101 365 4185 amaru,
401 4113 435 4169 et
458 4107 636 4193 praeeunte
658 4095 842 4188 Malaspina
867 4095 904 4163 in
923 4097 991 4164 Cic.
1007 4097 1048 4166 ad
1063 4099 1125 4161 At·
