2726 4746
117 329 122 338 '
215 324 278 388 400
597 319 761 400 ATQVE.
807 319 875 386 AC.

318 477 351 530 In
368 475 418 527 hae
438 473 813 534 &mamantioneraddnntnr
831 473 964 528 interdum
991 437 1053 545 ipsa
1071 474 1212 528 voeabula
1232 475 1279 528 itn'

174 597 179 612 ,
283 562 376 618 etsie.
410 559 467 612 Liv.
485 549 528 623 40,
546 560 590 624 12,
608 561 634 612 2.
652 561 766 616 tandem
785 564 854 616 vicit
871 561 998 614 dolorem
1016 564 1081 632 ipsa
1098 563 1274 622 nenessitas,

269 664 367 720 ‚quum
389 643 477 698 dicere
493 641 633 716 ipberent:
647 656 733 716 atque
749 651 791 700 ita
809 663 886 700 orsus
901 657 951 700 est.
971 647 1013 698 Sic
1031 647 1102 698 enim
1121 647 1275 716 interpun-

284 733 406 804 gendum.
423 730 543 782 Frontin.
562 729 593 795 1,
610 728 645 797 4,
664 729 817 784 7ana1rato
836 732 976 800 Iphicratis
993 741 1207 802 strategemate:
1232 741 1276 783 at-

287 837 339 890 que
358 820 402 872 ita
419 813 546 868 custodes
566 818 758 885 angustiarum
778 820 943 884 inopinatus
965 823 1107 887 oppressit
1132 837 1151 870 a
1183 828 1277 888 tergo.

279 905 378 964 Horat.
394 903 450 951 art.
467 918 494 968 p.
516 895 575 950 150.
590 909 621 951 et
640 917 711 969 quae
733 900 864 972 desperat
882 911 1004 960 traotuta
1021 906 1157 956 nitescere
1175 919 1277 973 posse,

200 1039 205 1046 .
284 987 433 1061 relinquit.-
450 996 535 1058 utque
553 986 593 1038 ita
614 989 764 1050 mentitur,
782 989 821 1039 sie
840 990 913 1040 veris
924 981 1010 1058 falsa
1026 993 1165 1042 remiseet.

321 1093 414 1164 Atque
430 1107 465 1142 es:
483 1105 516 1142 eo
537 1087 650 1149 dicitnr,
668 1099 698 1139 nt
714 1103 772 1140 enm
793 1090 921 1158 temporis
939 1092 1139 1142 continuatione
1155 1092 1277 1142 conclu·

287 1179 328 1231 sio
348 1175 475 1246 quaedam
491 1173 672 1240 coniungatur.
707 1177 813 1226 Sueten.
831 1176 897 1240 Aug.
915 1171 960 1225 94:
977 1173 1172 1244 obstrepentes
1185 1171 1279 1244 sorte

287 1279 372 1316 ranas
391 1257 473 1313 silere
491 1258 590 1311 inseite
614 1267 698 1328 atque
718 1275 753 1316 en
768 1276 801 1314 eo
820 1271 957 1330 negantur
974 1259 1014 1314 ihi
1033 1279 1120 1314 ranae
1140 1279 1279 1314 coaxare.

286 1347 346 1398 Tib.
362 1342 406 1396 54.

211 1507 214 1524 ,
303 1452 334 1512 6.
364 1446 457 1527 Quae
478 1445 637 1534 temporis
659 1463 749 1508 nexu
769 1446 926 1532 proxime
953 1455 985 1509 et
1010 1447 1165 1511 continua
1185 1447 1278 1510 serie

219 1531 415 1612 cohaerent,
438 1534 682 1619 coniunguntur
699 1553 761 1617 per
782 1548 921 1605 ATQVE:
955 1551 1022 1618 qno
1044 1543 1199 1612 notatur,
1226 1533 1275 1610 id,

114 1699 117 1706 Ι
167 1687 170 1704 .
194 1654 199 1662 -
221 1620 313 1706 quod
330 1617 533 1699 factumest,
555 1617 679 1702 aequali
704 1616 753 1680 vel
778 1615 897 1680 eodem
913 1619 1015 1680 modo
1034 1618 1224 1682 continuari
1241 1629 1276 1681 et

221 1707 361 1770 transire
376 1705 410 1767 iu
430 1703 526 1768 aliam
540 1723 611 1766 rem
629 1701 690 1766 sibi
734 1724 769 1766 er
782 1703 890 1790 ipsum
904 1705 1064 1789 temporis
1080 1725 1276 1767 successum

222 1801 408 1876 cognatam.
449 1788 519 1851 Nos
536 1789 674 1850 dicimus
699 1724 779 1851 bad
794 1811 831 1851 so
848 1789 972 1872 spraele
996 1809 1060 1865 er‚·
1075 1788 1164 1876 quod
1181 1809 1274 1875 pro-

220 1879 294 1964 prie
310 1884 374 1940 est:
400 1872 547 1948 utillud,
571 1874 620 1937 ita·
633 1872 697 1936 hoe
713 1873 836 1937 factum
855 1885 913 1936 est.
936 1871 974 1937 ln
988 1873 1040 1938 his
1057 1895 1135 1940 vero
1151 1895 1273 1939 exem·

220 1961 285 2060 plis
299 1959 440 2046 plurima
456 1979 639 2044 pronomen
655 1957 950 2034 demonstrauvum
974 1981 1048 2023 eum
1066 1970 1167 2050 atque
1182 1981 1273 2024 oon-

221 2057 371 2112 1unetum
388 2044 563 2110 exhibent:
594 2045 684 2132 quod
709 2065 785 2110 oum
803 2067 865 2110 usu
882 2045 1059 2134 particulae
1077 2060 1116 2112 at
1132 2069 1273 2134 eompa-

221 2133 288 2200 rari
302 2137 422 2222 potest.
452 2131 517 2198 vid.
535 2155 568 2220 p.
582 2133 657 2196 420.

313 2255 408 2308 &Tacit
429 2251 498 2334 illst.
517 2253 612 2321 3,17.
631 2251 749 2326 firmati
770 2257 842 2309 iuter
859 2272 904 2316 se,
925 2248 1017 2306 elensis
1035 2250 1182 2307 ordinibus
1197 2256 1271 2308 enei·

244 2351 253 2365 ‘
291 2345 374 2415 piant
397 2341 565 2396 Vitellianos
592 2352 690 2396 temere
711 2335 826 2413 effusos·
861 2341 951 2410 Atque
979 2337 1025 2392 illi
1048 2350 1271 2392 consternantur.

259 2489 261 2496 s
291 2425 361 2480 nist.
383 2427 418 2492 1,
436 2422 479 2479 82.
505 2439 564 2480 tum
596 2425 673 2482 Otho
697 2420 806 2497 ingredi
830 2436 920 2477 eastra
944 2443 1038 2478 uersus.
1077 2427 1172 2494 Atque
1189 2422 1272 2504 illum
1350 2433 1351 2440 ’

203 2581 205 2584 Ι
292 2507 396 2564 tribuni
414 2515 638 2581 centurionesque
656 2514 864 2564 circumsistunt.
901 2511 994 2578 Virgil.
1013 2515 1077 2562 Aen.
1095 2507 1129 2577 6,
1151 2508 1210 2560 158.
1227 2512 1272 2568 eui

289 2587 505 2672 fidusAcltutes
520 2599 544 2649 it
561 2613 658 2648 coutet·
668 2623 702 2636 -
720 2593 810 2664 Atque
822 2595 869 2648 illi
883 2595 1030 2648 Misenum
1044 2599 1072 2649 in
1087 2594 1186 2649 littore
1199 2595 1270 2648 sicco

194 2736 202 2763 ι
293 2692 325 2736 ut
342 2681 505 2736 oenereetc.
522 2683 541 2733 i.
559 2701 582 2735 e·
600 2680 656 2734 und
674 2682 782 2734 wiesie
800 2675 957 2736 solamen.
1040 2691 1045 2706 ¹

326 2784 464 2840 Interdum
489 2779 567 2838 residi
590 2795 680 2855 potest
704 2794 796 2838 nostro
825 2785 862 2838 ela
880 2785 922 2836 vel
946 2803 1011 2836 nun.
1044 2783 1129 2834 Plant.
1156 2779 1271 2834 Mostell.

296 2871 332 2935 2,
348 2871 384 2936 2,
402 2870 444 2922 55.
462 2869 571 2924 abimus
589 2888 684 2924 omues
700 2871 842 2932 nubitume
864 2869 1116 2944 condormioimusf
1134 2865 1274 2920 lucernam

288 2951 372 3027 forte
391 2953 496 3010 oblitus
507 2953 625 3026 sueram
649 2961 840 3028 exstingueret
867 2967 949 3026 atque
969 2953 1017 3012 ille
1036 2951 1178 3006 exclamat
1198 2952 1274 3004 dere-

292 3051 374 3112 pente
391 3046 551 3109 maximum.
577 3044 596 3094 i.
616 3063 640 3094 e·
660 3037 703 3096 ielr
723 3042 802 3096 hatte
821 3056 985 3111 vergessen,
1013 3038 1059 3091 die
1079 3039 1193 3108 Lampe
1207 3055 1269 3088 nus·

287 3125 456 3194 ,uulbsehem
488 3127 526 3179 da
550 3126 648 3180 sehreit
667 3145 696 3180 er
713 3125 850 3196 pleitzlielr
869 3120 929 3194 auf.
966 3127 1031 3174 Stat.
1052 3123 1128 3175 Theb
1159 3121 1193 3183 9,
1209 3119 1271 3172 481.

293 3211 425 3265 eliserat.-
442 3221 526 3283 atque
543 3207 588 3264 illi
602 3228 660 3263 sese
678 3209 744 3265 deus
761 3206 865 3264 obtulit
884 3209 978 3262 ultro.-
993 3207 1038 3260 ubi
1056 3209 1163 3276 glossa:
1184 3207 1215 3260 id
1233 3215 1274 3261 est

294 3299 406 3364 statim,
424 3295 511 3350 illico.
545 3289 586 3346 lta
604 3295 731 3347 etiamad
748 3293 800 3361 12,
818 3289 877 3350 360.

209 3417 225 3444 ²
305 3399 343 3490 Ι7.
384 3398 498 3478 Quum
520 3398 621 3483 igitur
646 3421 701 3474 ea,
739 3421 820 3484 quae
858 3396 1014 3484 proximo
1046 3405 1078 3458 et
1114 3394 1273 3458 continuo

209 3485 394 3570 tempora
412 3496 606 3564 evenerunt,
646 3481 756 3548 statim
786 3487 929 3550 evenisse
958 3483 1132 3560 dieantur‚.
1150 3495 1273 3554 ATQVE

185 3611 194 3646 ,
227 3591 322 3654 saepe
338 3569 382 3632 ita
399 3569 552 3656 ponitur,
575 3580 612 3632 ut
630 3569 786 3654 explicari
798 3571 894 3655 liceat
912 3579 1016 3656 peret
1032 3565 1212 3643 sentimas
1230 3564 1275 3626 it-

142 3703 154 3718 ,,
227 3652 305 3718 lico.
350 3654 390 3722 ld
406 3657 471 3720 iam
488 3661 611 3720 veteres
627 3657 838 3742 grammatici·
849 3654 1162 3719 animadverterunt.
1203 3649 1275 3711 No·

227 3739 302 3803 nius
320 3739 422 3805 Mare.
446 3747 502 3821 12,
525 3742 576 3804 44.
599 3737 778 3827 signifieat
794 3742 899 3807 etiam
923 3739 1078 3812 celeriter
1093 3745 1129 3800 et
1141 3735 1272 3808 statim,
1350 3793 1351 3798 ,

227 3835 266 3890 nt
285 3821 326 3888 V
322 3825 417 3912 agit.
437 3826 564 3913 Georg.
583 3831 618 3902 1,
640 3830 714 3892 202.
755 3827 958 3914 Εῑ’ροεεῑιηϊ
980 3823 1090 3888 allerri
1111 3820 1275 3968 exempla,
1350 3861 1351 3870 κ

226 3909 405 3997 inquibus
432 3912 578 3976 rideatur
609 3912 677 3998 ipsa
699 3914 845 3980 celeritas
877 3930 1028 3998 expressa
1055 3928 1142 3977 esser
1174 3908 1276 3969 venti

226 3995 326 4064 Rhet.
351 3997 391 4060 ad
414 3997 557 4062 Herenn.
584 3996 621 4070 4,
651 4003 711 4079 29,
736 4005 788 4065 39.
803 3994 805 4004 '
823 3998 861 4064 iu
889 4019 961 4078 me,
977 3993 1154 4081 quidquid
1181 3989 1273 4060 libet.

217 4082 387 4167 rasataim:
409 4080 529 4162 dieite,
553 4094 653 4168 atque
675 4081 921 4170 obtemperabo.
958 4081 1022 4145 Sed
1045 4079 1124 4142 haee
1140 4097 1274 4164 quoque

230 4165 271 4231 ad
289 4188 364 4256 eum
379 4189 503 4234 nexum
523 4169 726 4257 proximam,
746 4191 846 4259 quem
860 4165 1053 4258 philosophi
1069 4165 1177 4230 nostri
1194 4163 1273 4227 bar·
