2760 4748
222 283 374 354 408,

674 279 800 344 quD.

252 465 255 470 -
330 431 423 486 neom
443 432 536 506 Eurys.
551 435 621 505 apud
637 413 761 489 Nouium.
783 426 894 497 12,19.
915 429 993 502 apud
1017 406 1120 496 idsuuess
1132 428 1279 488 addiscas.

296 517 382 572 Plaut.
396 516 488 588 Am‘ph.
505 519 529 582 2,
539 521 563 582 1,
572 519 615 573 43.
627 521 779 574 miserrima
795 514 900 570 isthaec
916 518 1027 570 miseria
1043 529 1086 572 est
1100 535 1181 570 servo
1191 514 1278 581 douo,

180 652 188 660 .
298 602 379 676 apud
387 601 481 658 herum
499 607 547 678 qui
564 625 630 660 vera
642 604 778 678 inquitas.
797 603 851 654 Cio.
865 601 899 666 de
916 605 990 652 orat.
1000 602 1027 665 2,
1043 601 1087 670 45,
1105 603 1167 658 189.
1183 603 1220 656 de
1235 623 1279 658 me
1358 613 1359 650 3

231 721 238 748 s
299 700 394 743 autem
407 707 504 744 caussa
522 689 668 755 uallauit,
686 711 731 744 cur
751 685 966 759 apodiamina
980 684 1216 757 prudentissimos
1235 699 1279 741 at-

300 793 351 846 que
370 775 552 841 amicissimos
577 779 700 830 mentiar.
733 775 818 830 Tacit.
843 773 911 824 nist.
927 771 961 837 1,
976 771 1019 824 26.
1043 773 1183 846 quasdam
1201 774 1280 844 apud

306 855 420 912 Galbae
446 879 527 916 aures
552 857 714 932 praesentas
742 863 822 916 Laco
848 856 940 912 elusit.
982 857 1002 908 i.
1029 876 1052 910 o.
1078 870 1169 912 coram
1196 861 1280 911 Galba

300 943 365 994 haec
375 944 505 998 audiente.
541 947 764 1010 Quemadmodum
783 952 845 1014 Agr.
861 939 905 995 44.
922 945 1040 1014 augurio
1058 945 1189 1016 votisque
1203 944 1281 1014 apud

304 1038 417 1083 nostras
434 1050 516 1088 ouras
532 1031 718 1087 ouziuabatur.
753 1033 771 1084 i.
790 1050 814 1089 a.
843 1028 999 1098 nobisipsis
1023 1027 1200 1082 audientibus.
1231 1035 1280 1082 Au.
1358 1057 1359 1064 κ

301 1110 336 1175 2,
355 1109 399 1164 39.
417 1133 492 1186 vago
516 1137 624 1172 memore
649 1105 728 1190 apud
752 1115 952 1187 imperitissimi
979 1115 1107 1188 cuiusque
1131 1127 1281 1187 promptas

303 1212 391 1251 aures.
426 1201 497 1254 Curt.
517 1201 615 1267 6,11,
633 1202 675 1254 15.
693 1197 760 1256 ileos
777 1203 901 1274 patrios,
928 1203 1055 1274 gentium
1080 1201 1144 1254 iura
1168 1201 1280 1275 nequid·

306 1299 390 1350 quam
408 1284 488 1353 apud
503 1287 602 1340 surdas
620 1307 700 1342 aures
717 1283 875 1340 invocabat.

224 1417 228 1443 ι
324 1398 396 1460 >Ciu
416 1389 449 1454 di
466 1403 529 1472 Lag.
548 1406 581 1474 2,
600 1407 651 1473 16,
668 1405 715 1459 41.
731 1407 785 1460 atsi
805 1402 871 1458 haec
887 1405 1112 1457 commemoratio
1130 1389 1230 1460 vereor
1246 1425 1281 1460 ns

304 1501 389 1555 supra
406 1485 527 1546 hominis
537 1487 690 1564 fortunam
709 1508 768 1544 esse
780 1488 924 1556 videatur,
952 1499 1044 1542 tamen
1059 1490 1196 1558 quoniam
1214 1488 1282 1545 mihi
1302 1491 1307 1500 ¹

306 1587 395 1624 sermo
420 1587 462 1627 est
487 1577 565 1644 apud
591 1595 659 1644 vos,
687 1575 759 1630 nihil
778 1575 906 1630 reticebo.
938 1574 1036 1638 Quibus
1054 1575 1215 1640 argumentis
1233 1577 1281 1627 da-

288 1694 290 1704 .
306 1656 460 1713 funderetur
477 1663 544 1715 mira
560 1665 604 1716 illa
625 1665 753 1734 scriptura
774 1659 852 1731 apud
870 1658 954 1725 deos,
974 1659 1083 1726 exposui
1100 1660 1128 1709 iu
1143 1661 1282 1730 Ephemer.

307 1739 547 1798 lenens.1810.n.
568 1746 610 1798 72.
629 1769 656 1818 p.
673 1747 734 1801 569.
769 1745 943 1807 Addidebet,
962 1744 991 1795 iu
1008 1744 1134 1796 eiusmodi
1153 1747 1284 1798 sententia

253 1825 254 1828 ’
304 1839 358 1872 non
377 1828 493 1894 potuisse
510 1831 575 1896 poni
593 1831 680 1901 apud.
716 1817 1024 1882 Recte‘dicitursermo
1051 1837 1095 1880 est
1119 1830 1202 1898 apud
1225 1849 1283 1896 vos,

307 1923 358 1975 pro
380 1926 473 1964 eoram
488 1913 585 1982 vobis,
604 1917 720 1989 quinon
738 1913 908 1969 consuevistis
933 1931 989 1966 rem
1014 1913 1042 1964 in
1065 1913 1160 1965 mulam
1182 1926 1283 1984 partem

307 1991 486 2064 interpretari.

225 2163 233 2191 f
324 2108 356 2172 4.
387 2112 515 2181 Deinde
533 2120 652 2184 dicitur
671 2120 712 2184 de
729 2119 832 2184 domo
848 2128 881 2182 et
897 2116 1063 2182 domicilio
1080 2125 1114 2179 et
1128 2115 1171 2181 do
1188 2118 1282 2198 locis,

49 2188 278 2280 .“5¹¹

296 2192 414 2279 quibus
431 2201 547 2291 uliquis
567 2208 689 2271 versari
704 2205 814 2270 solet.
848 2204 945 2270 Vnde
964 2195 1107 2266 formula
1124 2225 1149 2265 a
1173 2203 1222 2266 ud
1238 2227 1282 2284 se,

124 2323 130 2329 ·
242 2279 340 2361 ⁰P¹¹d
361 2293 411 2363 ie.
429 2290 527 2358 etism
542 2293 682 2358 absente.
697 2293 771 2384 ipso
788 2289 945 2371 domiuo,
976 2297 1009 2356 et
1033 2287 1073 2352 du
1097 2309 1135 2352 re
1161 2309 1198 2356 us
1221 2290 1283 2353 do-

241 2366 396 2452 mesticis.

356 2488 410 2540 Cic.
428 2489 461 2544 ds
480 2495 562 2547 Amic.
579 2499 628 2564 20,
646 2498 689 2550 75.
708 2495 788 2568 apud
809 2514 889 2568 quem
915 2477 974 2548 era't
992 2491 1136 2546 educatus.
1178 2495 1282 2546 Paullus

215 2607 223 2614 .
310 2568 339 2620 in
358 2573 419 2644 Dig.
436 2569 488 2645 37,
505 2578 539 2648 4,
553 2581 588 2646 6,
602 2579 628 2634 4.
645 2581 723 2654 apud
740 2581 909 2652 adoptivum
925 2597 1009 2630 avum
1025 2587 1197 2647 procreatus.
1232 2579 1282 2630 Cio.

312 2650 419 2714 catilin.
446 2663 478 2728 1,
500 2663 536 2730 4,
558 2666 584 2718 9.
609 2663 700 2736 fuisti
723 2667 801 2736 apud
819 2667 940 2721 Leccam
965 2661 1017 2717 illa
1037 2671 1126 2716 nocte·
1163 2663 1236 2715 Caes.
1254 2668 1282 2716 B.

311 2745 382 2805 Gall·
402 2745 435 2814 4,
460 2751 486 2804 8.
513 2771 627 2825 quarum
650 2751 740 2824 iegati
761 2755 818 2806 sint
837 2749 915 2822 apud
932 2767 970 2802 se.
1007 2747 1061 2798 Cic.
1082 2747 1116 2797 ad
1130 2750 1185 2800 Ati
1207 2748 1240 2811 1,
1259 2749 1283 2800 8.

311 2830 390 2898 apud
407 2843 434 2886 ts
455 2848 506 2900 est,
527 2849 558 2890 ut
577 2837 713 2892 volumus.
731 2837 749 2888 i.
768 2855 792 2890 e.
809 2833 837 2888 iu
856 2836 933 2887 domo
950 2845 1003 2886 tua.
1030 2827 1080 2894 15,
1096 2831 1123 2882 2.
1137 2829 1196 2882 ext.
1218 2833 1283 2885 Bru·

312 2923 371 2966 tum
398 2921 477 2988 apud
502 2942 544 2976 me
562 2920 660 2992 fuisse
682 2921 801 2993 gaudeo.
832 2921 851 2971 i.
869 2939 892 2971 e.
918 2919 946 2972 iu
970 2917 1048 2968 domo
1073 2933 1139 2966 mea.
1178 2917 1284 2969 Terent.

311 2999 414 3065 fleant.
425 3003 452 3070 3,
473 3007 499 3072 1,
517 3008 560 3062 21.
579 3012 615 3060 Μ.
634 2999 784 3074 ubinam'st
802 3004 924 3074 quaeso?
943 3003 1020 3073 apud
1038 3020 1080 3054 ma
1100 3001 1186 3056 domi.
1215 3003 1281 3070 1,1,

252 3065 259 3168 ἶ
313 3084 372 3140 110.
393 3091 471 3160 apud
484 3095 582 3144 masis
606 3091 682 3144 uolo.
718 3091 772 3141 Cic.
793 3089 825 3141 de
847 3088 969 3151 oraui,
990 3085 1041 3150 49,
1062 3086 1124 3158 214.
1152 3089 1203 3141 Μ.
1222 3107 1283 3142 varo

314 3171 449 3236 Scaurus,
478 3196 557 3248 quem
575 3191 631 3229 non
655 3175 738 3248 longe
765 3178 822 3228 ruri
839 3159 917 3244 apud
935 3191 965 3225 se
983 3189 1041 3225 asse
1060 3172 1156 3237 «india,
1174 3197 1213 3216 -
1230 3178 1283 3228 iam

314 3255 395 3308 credo
413 3257 466 3312 duo
482 3263 586 3314 veniat.
620 3261 702 3312 Plaut.
719 3261 777 3313 Aul.
797 3261 830 3324 2,
850 3259 883 3321 2,
899 3258 942 3310 66.
962 3255 1006 3310 hio
1021 3258 1099 3328 opud
1117 3278 1160 3312 ma
1177 3257 1285 3312 hortum

312 3335 465 3410 confodere
484 3348 561 3402 iussi.
594 3349 653 3399 Alia
670 3347 751 3398 multa
770 3345 830 3397 vide
856 3344 924 3412 apud
944 3343 1058 3397 Brisson.
1083 3344 1116 3396 do
1136 3345 1220 3397 Vorb.
1246 3345 1284 3396 si-

311 3426 388 3492 gnifi(
399 3447 425 3497 p.
443 3429 485 3484 91.
502 3450 525 3483 a.
543 3437 681 3485 burmann.
698 3431 732 3482 ad
751 3433 855 3482 Peirou.
873 3428 917 3481 26.
950 3431 1035 3482 Varro
1054 3428 1087 3482 de
1104 3433 1143 3482 Ro
1162 3449 1186 3481 r·
1205 3429 1239 3495 8,
1259 3429 1285 3495 2,

311 3509 337 3563 7·
359 3514 460 3582 quodsi
476 3535 509 3568 ea
526 3517 658 3587 aedificia
676 3515 766 3570 villae
789 3523 943 3580 non'suut,
970 3535 1041 3586 quae
1063 3521 1172 3570 asinum
1198 3525 1285 3578 taum,

312 3615 393 3672 quem
414 3599 481 3654 ueihi
498 3602 685 3674 quadraginta
702 3599 826 3654 millibus
843 3610 965 3670 amptum
973 3599 1140 3654 ostendebas
1154 3599 1232 3670 apud
1244 3605 1285 3665 ἐι,

311 3669 368 3734 ivon
386 3683 505 3752 habeut,
522 3696 572 3738 etc.
606 3689 647 3737 Ita
664 3685 742 3737 otiam
765 3683 843 3754 apud
869 3685 981 3739 eosdem
1005 3691 1155 3756 magistros
1179 3689 1286 3740 institn-

313 3775 360 3819 ιω
382 3769 487 3827 Sueton.
514 3773 569 3823 cal.
588 3768 630 3824 24.
655 3770 688 3822 de
711 3749 805 3822 schdla
817 3772 1010 3838 magistrorum.
1046 3772 1100 3823 Cic.
1118 3773 1153 3823 ad
1172 3775 1243 3824 Fam.
1261 3770 1285 3833 1,

312 3849 347 3915 9,
364 3852 407 3906 56.
424 3861 552 3912 coenavit
568 3855 645 3928 apud
660 3873 703 3910 ma
723 3857 751 3908 in
767 3855 945 3927 'Crassipedis
962 3855 1096 3924 hortiui.
1116 3877 1140 3908 a.
1157 3858 1184 3907 in
1205 3874 1286 3908 coena

245 3971 247 3976 ,
299 3953 328 3989 a
344 3955 386 3989 me
402 3953 502 4008 parata.
537 3942 571 3994 ad
587 3944 640 3992 Au.
661 3940 694 4004 1,
713 3940 739 3992 7.
756 3940 835 4011 apud
853 3951 966 3996 matrem
989 3952 1131 3996 recteest.
1167 3945 1241 3994 Caes.
1257 3947 1285 3994 Β.

313 4018 347 4075 G·
365 4020 397 4086 5,
419 4021 463 4081 27.
480 4045 550 4101 quos
562 4027 704 4082 Aduatuci
723 4025 851 4086 obsidum
877 4047 986 4106 nuneero
1012 4031 1128 4090 missos,
1157 4026 1238 4098 apud
1257 4045 1286 4079 se

311 4112 343 4170 in
361 4115 494 4174 servituto
511 4125 539 4172 et
557 4117 662 4173 eatenis
679 4115 846 4202 tenuissent:
855 4113 875 4170 i.
892 4132 916 4167 e.
932 4114 961 4168 iu
979 4114 1057 4168 terris
1079 4113 1141 4166 suis.
1176 4113 1232 4170 Cic.
1251 4112 1285 4164 ad
