2676 4748
225 285 317 339 xvttt

229 371 548 534 arrogantia-trustra
562 433 728 511 quaerunt.
760 425 863 496 Vnum
877 425 942 494 hoc
959 423 1094 508 addant,
1114 427 1279 496 Catulum
1307 453 1308 460 ¹

229 552 381 622 Boiorum
405 551 447 620 ad
470 575 511 621 ea
531 552 654 640 capita,
673 573 757 640 quae
779 551 844 620 hoo
859 553 998 642 primum
1012 552 1161 622 volumen
1177 577 1280 622 oom-

200 701 204 711 ·
228 677 397 768 plectitur,
418 683 452 746 e't
472 679 656 788 Augustum⁴
671 677 826 746 Matthiae
846 702 886 747 ex
905 677 1095 747 adrermriis
1115 679 1179 746 suis
1198 703 1280 747 me-

86 816 88 824 '
122 835 130 842 ·
164 787 166 791 V
229 828 304 874 oum
317 827 358 874 ea
373 805 641 886 communicasse,
662 826 745 891 quae
761 805 803 874 de
824 805 987 894 particulis
1001 805 1105 882 latinis
1119 814 1283 905 annotata

150 913 155 932 ⁴
228 931 393 1002 haherent.
441 931 481 1000 In
498 932 775 1023 typographorum
805 933 968 1002 erroribus
990 930 1191 1022 corrigendis
1216 955 1282 1002 cu·

228 1058 399 1130 ram'htnd
411 1059 606 1128 mediocrem
621 1058 766 1128 adhibuit
784 1059 833 1128 Io.
845 1060 935 1130 'Dan
955 1059 1150 1140 horonaim,
1169 1077 1283 1144 quem

145 1271 148 1276 ‚
205 1182 351 1268 sirum,
371 1193 446 1256 tuae
463 1185 649 1274 disciplinae
670 1186 747 1254 olim
767 1186 931 1274 addictum
951 1195 986 1253 et
1003 1185 1103 1254 multa
1123 1183 1284 1254 doctrina

208 1316 211 1327 '
227 1311 403 1402 insignem,
424 1311 457 1380 in
470 1311 609 1380 melioris
629 1313 777 1381 fortunae
792 1313 1022 1382 incrementum
1034 1312 1092 1380 tihi
1105 1298 1282 1386 hommem

229 1439 284 1508 do.
304 1437 384 1510 tfiht
400 1447 516 1521 nutem,
528 1441 727 1523 Hermanno,
739 1465 813 1508 eum
826 1439 965 1510 animum
981 1459 1116 1523 eantque
1126 1440 1280 1507 heuero-

154 1641 158 1648 ,
228 1566 373 1649 lentiam,
393 1585 491 1654 quam
506 1588 634 1656 semper
652 1567 738 1638 rime
751 1549 843 1636 meae
857 1589 957 1636 unum
975 1549 1195 1632 ornamentum
1213 1566 1280 1635 ha·

228 1694 300 1775 hui,
320 1693 416 1762 otiam
430 1694 642 1780 inposterum
663 1717 834 1777 conserva,
852 1702 950 1779 atque
962 1691 1020 1760 tihi
1032 1690 1215 1779 persuade,
1240 1693 1278 1760 in

228 1817 343 1888 officiis
356 1819 414 1887 tibi
426 1818 623 1907 praestandis
636 1829 669 1887 et
682 1819 715 1886 in
728 1820 813 1911 groti
823 1803 1052 1908 'animi-pietate
1064 1815 1202 1913 colendo
1216 1841 1276 1888 me

136 1993 138 1998 -
227 1967 401 2034 numquam
420 1967 491 2016 esse
504 1919 709 2016 cessaturum.
749 1947 839 2020 Vale.
1297 1927 1299 1932 ¹

354 2081 701 2214 nasamlhaedaa.
714 2135 817 2210 Febr.
832 2146 1090 2238 aomcocmx.
1165 2081 1167 2086 Ι
