2760 4748
256 335 319 400 888
448 327 451 336 ’
705 325 834 394 ANTE.

360 484 434 540 Ante
457 481 533 538 elias
559 491 587 534 et
610 491 676 538 unte
699 498 794 538 omnes
817 482 847 534 in
870 481 1002 536 codicibus
1025 481 1158 534 interdum
1183 482 1294 534 confusa

326 581 397 624 snut:
415 571 447 622 de
464 587 515 638 qua
532 585 561 632 ro
575 567 628 620 vid.
645 571 783 624 Burmann.
801 568 835 619 sd
854 568 950 635 Virgil.
973 571 1004 618 A.
1020 569 1055 634 2,
1072 567 1115 620 to.
1135 587 1163 638 p.
1182 561 1243 620 197.

192 755 193 768 ¹
340 688 371 753 5.
400 687 490 752 Ante
507 685 805 769 omniudicituret
826 685 866 749 de
884 686 1061 774 primore,
1092 685 1163 750 aliis
1181 686 1294 748 omni-

259 775 319 840 bus
333 773 559 852 antecedente,
581 771 666 835 etde
681 793 717 835 re
757 770 908 858 raecipuu
931 781 1026 856 atque
1042 771 1084 834 oh
1102 771 1133 834 di
1158 771 1294 834 nitatem

260 871 292 924 et
307 860 481 932 virnsuam
496 857 662 958 primaria.
704 794 872 920 illidium
890 857 1093 920 intellexerat
1162 856 1294 964 opken-

200 975 205 980 ¹
260 946 343 1024 sius,
377 966 479 1030 quum
502 966 537 1007 sn
562 942 698 1007 Miscell.
722 941 856 1005 Observ.
883 939 925 1005 T.
951 946 982 1006 8.
1004 965 1038 1026 p.
1057 945 1111 1005 36.
1137 952 1168 1005 et
1200 941 1236 1005 Γ.
1261 947 1292 1005 9.

259 1053 295 1118 p.
308 1030 381 1094 250.
397 1027 671 1116 interpretabatur
685 1023 872 1113 confestim,
890 1038 970 1091 unte
985 1023 1083 1089 uliud
1098 1025 1292 1113 quidquam,

259 1138 366 1202 neque
382 1115 442 1178 alia
461 1115 569 1189 serior
585 1133 713 1190 caussa,
734 1131 832 1208 quam
846 1112 965 1184 invidia
982 1122 1013 1174 et
1027 1133 1164 1176 coecum
1180 1113 1293 1194 odium

259 1201 485 1267 Burmannum
503 1198 671 1271 excitavit,
695 1207 729 1260 ut
746 1219 780 1260 rn
795 1197 932 1270 Miscell.
954 1196 1034 1261 Obs.
1055 1195 1096 1260 T.
1112 1201 1144 1260 8.
1167 1219 1202 1282 p.
1219 1201 1291 1262 869.

222 1335 226 1341 .
260 1297 293 1351 et
309 1286 349 1348 nd
364 1288 443 1348 Aen.
458 1289 496 1359 2,
526 1283 579 1346 40.
603 1284 759 1346 acerrime
782 1281 875 1344 illam
901 1281 1145 1368 expositionem
1165 1283 1292 1368 vitupe-

258 1381 355 1436 raret.
397 1369 473 1432 Coit
488 1365 574 1431 enim
590 1377 728 1454 utroque
742 1366 826 1430 ratio
844 1366 970 1452 primae
985 1367 1159 1430 locationis
1174 1377 1208 1430 et
1222 1368 1291 1454 pri-

244 1457 381 1522 ·mariae
395 1452 557 1538 dignitatis
573 1451 607 1517 in
626 1474 742 1528 unam,
767 1472 874 1536 neque
890 1452 1028 1515 omnino
1045 1451 1163 1516 desunt
1180 1473 1291 1520 errem-

259 1543 333 1630 pla,
355 1539 577 1624 velsequente
599 1537 869 1626 particulatam,
897 1537 949 1601 vel
966 1536 1116 1600 absoluto
1139 1557 1213 1600 usu.
1254 1537 1291 1600 ln

260 1627 360 1698 altera
396 1625 524 1688 ratione
565 1623 758 1711 explicanda
790 1620 935 1686 conferri
969 1632 1111 1710 possunt
1138 1621 1290 1686 vocabula

164 1771 167 1776 .
216 1721 218 1726 '
256 1710 458 1799 praecipue,
494 1710 652 1772 maxime.
700 1707 887 1784 Praemissis
910 1707 977 1771 aliis
999 1707 1096 1771 rebus
1120 1707 1172 1786 id,
1203 1707 1290 1794 quod

258 1797 441 1861 maximum
457 1793 601 1876 ridetur,
621 1815 683 1880 per
704 1803 737 1856 ct
757 1803 837 1856 ante
856 1793 989 1877 omitia,
1017 1791 1069 1860 uel
1091 1792 1214 1857 omissa
1233 1815 1289 1856 co·

257 1881 353 1968 puls,
371 1877 510 1942 additur.

363 1998 450 2070 Celsus
467 1994 499 2059 7,
518 1991 569 2060 30,
588 1993 614 2046 2.
638 1991 719 2047 uivus
741 2003 806 2048 unte
823 1998 916 2050 omnia
935 1995 1061 2052 ducitur:
1089 2007 1149 2049 tum
1173 1995 1290 2051 vutsetta

326 2079 495 2135 tuberculum
512 2077 712 2150 apprehensum
726 2106 760 2121 -
777 2080 919 2134 exciditur.
955 2081 989 2147 8,
1008 2084 1033 2136 2.
1057 2101 1082 2152 p.
1101 2081 1163 2135 508.
1184 2093 1291 2153 oportet

327 2178 419 2221 nutem
442 2173 509 2218 ante
533 2167 627 2217 narnia
652 2181 685 2217 os
708 2163 819 2219 nudare.
861 2167 937 2220 conr.
963 2186 1028 2236 quae
1051 2167 1169 2219 dedimus
1192 2187 1219 2236 p.
1234 2166 1291 2220 886.
1357 2229 1358 2238 ἵ

236 2253 238 2258 ’
271 2269 278 2286 ·
327 2257 433 2304 Sueten.
450 2251 531 2316 calig.
548 2247 591 2301 21:
608 2246 796 2304 destinaverat
812 2260 840 2304 et
861 2251 940 2305 Suari
958 2253 1239 2324 Polycratis'regium
1254 2273 1290 2306 re·
1357 2251 1358 2268 .

329 2341 457 2400 stituere,
483 2333 584 2391 Mileti
611 2333 782 2406 Didymeum
805 2355 953 2407 peragere,
979 2341 1008 2391 in
1033 2339 1099 2408 iugo
1118 2337 1235 2406 Alpium
1252 2357 1290 2388 ur·

328 2420 389 2473 bem
412 2418 545 2481 condere,
569 2417 618 2471 scd
642 2429 707 2472 unte
732 2425 826 2476 omnia
853 2420 987 2474 Istinium
1016 2424 1046 2476 irs
1066 2419 1176 2476 Astraia
1199 2417 1291 2492 perfo·
1356 2453 1357 2458 =

328 2505 401 2560 dere.
427 2503 472 2552 hie
495 2503 649 2553 coniunctae
677 2514 736 2554 sunt
761 2506 882 2556 notiones
909 2507 986 2573 prius
1007 2515 1093 2578 'quam
1113 2505 1174 2562 aliu
1193 2516 1221 2556 et
1238 2523 1290 2558 ruu-

256 2595 257 2599 ’
326 2591 371 2662 gis
390 2605 472 2661 quiam
487 2584 567 2638 alia.-
585 2596 719 2655 utrumque
739 2587 808 2637 enim
826 2589 938 2657 intelligi
953 2586 1050 2658 potest.
1109 2646 1116 2651 ,

360 2685 456 2756 virgil.
473 2689 506 2754 G.
523 2686 550 2751 2,
567 2685 627 2739 475.
647 2705 689 2740 me
704 2706 769 2740 vero
787 2693 906 2759 primum
926 2683 1024 2745 dulces
1034 2701 1100 2744 autc
1119 2694 1216 2746 omnia
1225 2691 1291 2746 Mu-

327 2794 375 2830 suc
391 2803 426 2814 -
444 2773 592 2843 accipiant.
625 2761 801 2844 Philargprius
819 2775 954 2827 coniunxit
972 2779 1093 2846 primum
1108 2786 1176 2829 aare
1193 2780 1290 2840 omnis,
1355 2831 1356 2850 ζ

327 2861 485 2910 Burmannus
511 2859 544 2910 ad
562 2860 648 2911 Musas
666 2859 771 2912 retulit:
795 2860 873 2911 variis
899 2859 1031 2912 hominum
1054 2859 1148 2911 studiis
1167 2863 1289 2932 expensis,
1355 2851 1356 2913 l

324 2943 462 3012 praecipue
483 2952 510 2994 et
526 2944 645 3012 inprimis
661 2945 764 2998 Musae:
781 2945 848 2996 illud
862 2946 896 2996 ob
915 2945 1098 2998 abundantiam
1113 2946 1221 3000 inanem
1236 2949 1288 3000 dis-

327 3029 410 3098 plicct
425 3030 445 3078 I.
460 3030 493 3080 ll.
507 3031 617 3082 Vossio:
633 3029 684 3080 hoc
700 3029 812 3098 aliquam
828 3029 1059 3083 inconcinnitatem
1074 3031 1163 3094 habet,
1179 3051 1230 3085 nec
1242 3051 1288 3102 po-
1354 3025 1355 3048 ³

325 3123 379 3165 test
395 3113 502 3182 probari
520 3114 554 3164 ob
573 3114 709 3164 verborum
730 3108 900 3180 positionem:
925 3116 982 3184 ipse
998 3115 1106 3169 Vossius
1121 3134 1179 3166 cnm
1193 3121 1287 3169 Ascen-

218 3261 222 3267 ⁵
326 3198 365 3248 sio
384 3207 411 3248 et
429 3199 462 3246 Is.
486 3196 579 3247 Vossio
600 3205 627 3246 et
643 3197 701 3246 eliis
720 3198 916 3265 comprehcndit
934 3217 986 3252 una
1002 3201 1111 3252 notione
1129 3203 1210 3254 verba
1232 3202 1287 3255 dul-

325 3296 370 3333 ces
394 3289 459 3331 ante
484 3281 596 3343 omnia,
623 3289 653 3330 ut
673 3281 729 3332 Ecl.
748 3281 781 3346 2,
799 3279 842 3334 62.
867 3280 946 3337 nobis
966 3282 1097 3354 placeant
1113 3297 1181 3338 ants
1201 3290 1288 3339 omniu

235 3395 240 3401 -
307 3361 422 3422 ,silvas
455 3365 576 3414 Attamen
595 3363 659 3414 hncc
678 3365 802 3418 differunt
818 3369 968 3437 aliquanto,
994 3378 1021 3419 et
1038 3357 1166 3437 'gravitate
1179 3381 1288 3440 praestat

323 3449 410 3501 Musas
433 3446 585 3514 simpliciter
610 3465 704 3524 vocare
729 3451 833 3504 dulces:
858 3471 937 3521 quare
962 3469 1016 3504 non
1032 3455 1170 3506 reiecerim
1184 3467 1285 3518 ¹temere

324 3531 480 3598 Philargyrii
495 3533 659 3608 sententiam,
676 3552 726 3602 qna
737 3537 800 3604 ¹ipsa
817 3537 858 3588 rei
874 3537 1033 3606 praestantia
1047 3539 1081 3590 ad
1097 3550 1198 3609 tempus
1213 3552 1240 3592 et
1256 3541 1287 3590 ad
1352 3539 1353 3546 ’

326 3633 389 3684 opus
407 3616 578 3677 acceleratum
604 3617 735 3682 eleganter
757 3620 880 3672 refertur.
912 3625 969 3674 Nec
988 3623 1054 3675 male
1070 3625 1150 3678 verba
1172 3629 1286 3696 primum

326 3711 391 3754 unte
409 3715 502 3754 ornnes
519 3700 654 3767 componi,
673 3702 751 3754 modo
768 3704 877 3756 vidimus
893 3713 919 3776 pi
936 3707 1053 3794 anteced

245 3827 256 3834 -
356 3801 412 3852 Lir.
430 3801 463 3867 2,
480 3799 513 3865 7,
532 3797 558 3855 4.
583 3801 632 3854 sed
652 3803 739 3866 multo
767 3811 856 3862 maius
881 3811 962 3862 morti
990 3809 1073 3864 decus
1093 3809 1208 3880 publicu
1226 3807 1287 3882 fuit
1351 3829 1352 3836 ¹

322 3887 480 3952 moestitia,
498 3903 530 3938 ec
547 3896 614 3939 aute
634 3893 727 3942 omnia
743 3893 878 3963 insignis,
899 3895 963 3963 quia
981 3906 1125 3948 matronae
1140 3915 1243 3948 annum
1258 3907 1286 3947 ut

322 3978 464 4039 parentem
481 3989 541 4021 cuns
567 3969 703 4049 ipxsrunt.
737 3975 804 4027 Ptin.
832 3977 899 4028 Hist.
924 3994 951 4028 n.
974 3977 1006 4042 8,
1029 3977 1079 4043 35,
1100 3977 1287 4034 tiu-tiberne

322 4063 460 4112 autem-se
472 4051 608 4108 mensibus
625 4057 736 4112 condit.-
753 4079 824 4129 quae
836 4071 936 4114 nutura
954 4061 1095 4124 multispst
1111 4074 1177 4119 autc
1196 4070 1285 4118 onznia

321 4141 401 4218 ursis.
421 4138 527 4196 Vossius
551 4140 585 4194 ad
608 4143 702 4199 Vellei.
722 4146 775 4196 Pat.
792 4145 810 4196 2
816 4183 825 4214 ,
842 4142 886 4200 24.
907 4147 1011 4200 miscuit
1023 4148 1152 4222 *exemplu
1177 4149 1283 4204 discum
