2764 4746
222 272 322 382 aas'
567 390 569 396 ,
619 309 844 394 anona..
874 297 900 392 χ

148 465 154 470 ’
211 446 340 534 ¹uersus
360 463 532 545 stabilivit,
552 439 607 530 ⁴ea
628 487 698 532 non
720 432 877 530 destituti
895 469 965 530 esse
989 465 1137 548 radone,
1171 475 1273 554 atque

226 548 425 624 vocabulum
441 551 564 639 aliquis
579 568 696 641 prope
713 550 866 617 accedere
877 595 880 598 >
890 551 931 614 ad
952 550 1112 639 quidam,
1142 560 1175 634 at
1189 554 1273 640 :qzaia

197 640 202 648 ’
228 639 272 704 ud
290 637 474 725 quiequam.
517 635 646 702 Tamen
664 637 845 708 cavendum
861 647 926 712 est,
954 656 1022 715 ne,
1049 647 1087 700 ut
1108 635 1206 702 facile
1221 637 1272 717 fit,

87 713 91 736 '
123 789 129 796 ,
225 734 262 788 et
284 721 492 822 iamsaepius
512 719 637 788 factum
660 733 726 803 est,
754 723 857 787 nimia
881 721 1060 786 subtilitate
1082 721 1272 792 abutamur.

54 3253 60 3261 ,
93 3220 96 3226 ·
143 3237 158 3276 4
218 3217 347 3258 rorum.
370 3203 405 3263 et,
424 3185 541 3258 contra

225 807 341 894 Neque
363 829 553 878 enimcum
577 789 748 899 Scbuppio
770 806 981 905 negabimus,
1013 807 1049 872 in
1071 807 1154 894 quid
1169 809 1273 896 sylle-

226 891 305 958 bam
320 892 372 956 ali
387 894 542 956 omissam
562 915 649 960 esse:
675 915 767 981 quae.
779 893 913 980 quidem
928 889 1037 956 omitti
1054 891 1211 976 debebat,
1236 908 1276 962 ut

224 977 412 1044 euelitieum
428 977 638 1050 redderetur:
658 1001 765 1068 neque
787 999 863 1042 cum
878 977 1039 1044 Steubero
1063 979 1273 1066 mirabimur,

155 1093 156 1098 ¹
190 1065 193 1074 '
225 1065 456 1152 grammaticos
474 1066 637 1151 'quosdam
652 1065 707 1146 ea,
728 1087 811 1152 quae
825 1085 894 1127 uuo
913 1074 1049 1128 accentu
1063 1063 1273 1150 cohibentur,

224 1169 295 1214 uno
311 1149 470 1214 vocabulo
489 1151 609 1236 siquis,
632 1151 748 1238 nequis
763 1148 938 1214 coniuncta
953 1149 1138 1237 scripsisse,
1162 1173 1275 1240 neque

166 1263 170 1274 ’
221 1231 326 1303 xetiam
347 1235 524 1300 discrimen
546 1235 665 1310 harum
691 1235 914 1300 formularum
936 1255 1129 1322 quaeremus
1157 1237 1193 1301 in
1217 1239 1274 1306 di-

225 1343 319 1387 versa
336 1320 476 1408 quadam
491 1317 719 1385 conditionalis
736 1320 914 1388 sententiae
931 1331 1068 1401 natura,
1091 1342 1153 1386 nec
1170 1321 1274 1388 Frat-

225 1401 343 1471 sehero
358 1405 548 1488 credemus,
571 1409 628 1493 qui
642 1405 677 1470 in
691 1405 722 1470 si
746 1400 879 1492 aliquid
893 1405 1274 1474 dubitationemintelli-

225 1513 305 1578 gens
321 1492 490 1577 negationi
504 1493 694 1578 proximam
706 1523 726 1573 ‚·
735 1491 877 1556 nimium
898 1491 1014 1578 arripit
1027 1491 1119 1577 (nam
1135 1493 1275 1580 aliquid

225 1578 408 1655 significare
422 1587 533 1657 potest
549 1577 721 1659 nonnihil,
753 1575 988 1664 aliquantum)e
1017 1575 1076 1640 sed
1101 1576 1192 1666 baud
1218 1590 1274 1645 te-

221 1669 319 1720 'mere
336 1657 555 1726 concedemus
572 1663 631 1744 iis,
653 1663 710 1744 qui
726 1685 863 1726 omnem
880 1663 1045 1734 rationem
1059 1665 1178 1746 negare
1193 1682 1274 1726 ma-

226 1739 379 1819 luerunt,
401 1740 509 1816 multo
528 1741 754 1827 frequentiora
771 1765 840 1806 esse
857 1742 1087 1810 enclitieorum
1104 1746 1271 1834 exempla.

224 1825 274 1890 Ab
290 1823 352 1887 hac
367 1845 444 1888 vero
467 1829 702 1895 consuetudine
724 1827 805 1891 boui
825 1827 1004 1914 scriptores
1028 1851 1098 1892 non
1122 1851 1272 1897 recesse-

224 1918 321 1990 runt,
337 1893 404 1973 lnisi
425 1909 671 1998 significationis
692 1917 854 1999 potestate
877 1913 1058 1994 commoti,
1088 1925 1145 1980 aut
1167 1909 1272 1984 sicdbi

206 1995 358 2058 Nnumeri
378 2017 488 2060 caussa
512 1999 714 2078 accessisset,
753 2019 825 2062 eam
855 2021 931 2063 cum
959 2021 1057 2084 sensu
1087 2000 1272 2068 verborum

226 2081 449 2148 conciliantes.
470 2082 556 2146 ana
571 2084 675 2148 multa
685 2084 839 2164 inveniri,
856 2085 890 2148 in
907 2085 1024 2170 quibus
1032 2088 1195 2152 sententia
1206 2112 1271 2176 pa.-

180 2167 184 2183 '
224 2187 304 2232 rum
320 2177 375 2232 aut
389 2167 473 2232 nihil
491 2180 657 2251 mutetur,
685 2169 713 2232 si
730 2171 801 2257 quis
824 2169 1078 2253 alterumutrum
1093 2193 1136 2237 ex
1151 2183 1271 2239 aucto-

134 2299 139 2319 .
192 2251 322 2318 nitate
351 2253 530 2343 meliorum
566 2255 719 2320 codicum
751 2255 1068 2338 substituerelvelit,
1110 2257 1269 2344 profecto

208 2359 327 2422 ¹nemo
345 2361 387 2403 nc
412 2333 496 2414 abit,
530 2343 586 2428 qui
607 2342 844 2406 vicissitudines
866 2342 964 2407 vividi
988 2343 1152 2407 sermonis
1172 2367 1270 2410 oom-

132 2443 140 2478 ·.
251 2433 334 2486 ertas
350 2363 510 2490 babuerit.
550 2428 759 2512 Quamquam
775 2427 872 2490 etiam
888 2438 981 2505 sunt,
1000 2447 1088 2576 quae
1098 2439 1270 2512 attentum

174 2566 176 2572 ,
222 2445 384 2578 litatorem
405 2509 518 2573 fallere
540 2514 679 2598 possint.
724 2512 834 2576 Veluti
854 2512 976 2576 Plinius

1055 2559 1065 2576 .
1092 2519 1129 2593 1,
1156 2521 1197 2580 10
1237 2523 1269 2582 1.

190 2663 193 2668 ,
224 2593 408 2680 siquando
423 2590 500 2658 urbs
515 2601 635 2660 nestra
652 2595 847 2661 liberalibus
862 2597 986 2660 studiis
1004 2537 1151 2696 sibruit,
1179 2565 1271 2667 abac

221 2679 508 2770 maximefloret:
538 2679 596 2745 ubi
619 2704 661 2747 ex
685 2680 826 2747 aliorum
848 2694 1032 2782 praeceptrs
1055 2685 1271 2753 scribendum

216 2765 285 2828 'erit
308 2766 514 2852 aliquanda,
541 2767 631 2854 quod
656 2769 698 2832 sit
723 2769 786 2832 alio
820 2768 929 2857 aliquo
959 2779 1131 2856 tempores
1170 2783 1271 2860 atquc

168 2902 170 2912 .
219 2851 321 2913 etiam
335 2873 398 2914 nos
417 2854 715 2920 vcceintendemus
731 2853 1072 2934 vocabulumjemala.
1111 2859 1270 2925 Attamen

212 2935 253 3016 ¹ai
267 2935 402 3022 quando
419 2937 575 3004 hocloco
597 2941 759 3028 siguificat
778 2941 1062 3028 quotiescumque,
1085 2951 1123 3004 ut
1137 2944 1269 3032 siquis,

125 3047 129 3052 ·
196 3047 203 3062 ¹
221 3023 251 3086 εἴ
264 3047 308 3098 τις
324 3045 387 3110 pro
405 3024 570 3112 quisquis,
593 3021 675 3100 ὅστις
693 3036 876 3113 ponuntur.
921 3026 988 3089 Cic.
1004 3049 1039 3112 p.
1065 3026 1156 3092 Sext.
1183 3030 1270 3096 dixit

220 3112 283 3190 62,
307 3111 425 3174 tet-a·
440 3122 487 3174 est
506 3110 613 3258 aliqui
633 3133 748 3173 sensus
765 3111 803 3174 in
817 3111 1199 3198 martepraeclurcrum
1215 3115 1269 3180 νὶ-

582 3193 676 3282 hilip.
693 3199 732 3276 9,
755 3189 792 3276 6',
817 3201 868 3260 13.
893 3197 925 3260 si
943 3197 1016 3284 quis
1034 3209 1084 3262 est
1098 3195 1215 3264 cerasus
1228 3201 1270 3266 ιἰι

219 3289 338 3340 morte.
382 3277 475 3341 Illud.
486 3281 573 3343 enim
590 3289 655 3362 est,
680 3280 708 3343 si
733 3301 770 3344 re
787 3300 864 3346 vera
879 3292 987 3346 certus
1007 3283 1121 3382 aliquis
1137 3289 1267 3358 sensds.

218 3361 334 3448 Neque
351 3363 439 3426 enirn
455 3361 651 3452 interposita
668 3365 783 3448 verba,
813 3388 895 3452 quae
917 3367 1071 3433 Doelekir
1095 3381 1165 3434 erat
1188 3394 1268 3436 sen-

130 3507 133 3510 .
212 3448 337 3528 tentia,
363 3445 524 3525 efficiunt,
539 3462 586 3522 ¹ut
605 3452 723 3539 plenae
740 3451 919 3516 verborum
935 3451 1065 3518 formae
1082 3467 1267 3542 praestent,

219 3533 277 3597 scd
305 3535 348 3598 ob
374 3533 475 3598 alium
498 3544 632 3600 sensum
663 3537 849 3624 graviorem
880 3559 1072 3624 pronomen
1097 3543 1269 3608 removeri

217 3629 328 3704 potest
345 3643 363 3684 a
379 3621 629 3702 coniunctione,
647 3631 881 3708 remotumque
897 3643 955 3688 sua
971 3626 1013 3688 vi·
1024 3637 1164 3693 constat.
1195 3629 1267 3694 Cic.

88 3791 90 3802 Ι
219 3703 351 3788 deLeg.
367 3711 407 3786 3,
429 3712 467 3787 9,
490 3713 543 3771 21.
559 3705 641 3771 ‘aisa‘
656 3729 849 3771 mucronem
872 3709 1020 3798 aliquem
1044 3709 1269 3778 tribunicium

211 3791 405 3854 'exacuisset
432 3793 468 3856 in
491 3815 564 3856 nas.
591 3792 631 3856 ad
653 3793 743 3858 Fam.
769 3797 827 3875 16,
853 3797 912 3876 12,
938 3801 967 3860 1.
988 3797 1027 3860 iu
1051 3817 1128 3860 eram
1150 3799 1269 3864 locum

214 3885 269 3962 res
292 3872 440 3940 deducta
462 3889 529 3956 est,
575 3889 612 3942 ut
642 3879 711 3944 nisi
730 3879 800 3966 *qui
824 3877 906 3944 deus
930 3880 981 3945 uel
1008 3891 1108 3946 catus
1137 3883 1268 3973 aliqrris

159 4001 163 4018 .
208 3952 420 4041 'subuenerit',
441 3963 529 4051 salui
544 3987 614 4028 esse
629 3985 844 4052 nequeamus.
888 3965 996 4030 Etiam
1012 3969 1144 4054 gravior
1158 3991 1268 4037 vocu-

212 4045 312 4128 latio,
336 4067 436 4132 quam
455 4047 635 4114 Doclekius
651 4051 738 4114 inter
756 4049 876 4116 indicia
892 4058 1153 4142 commemoret,
1171 4056 1267 4146 regi·

172 4195 181 4205 ,
213 4141 269 4198 tur
290 4129 330 4199 ab
345 4133 418 4221 ipsa
433 4133 614 4206 verborum
632 4133 881 4224 significatione.
