2784 4746
599 304 602 310 '
669 323 769 392 acu.

270 489 337 543 Eun.
348 483 383 548 4,
400 478 437 546 4,
453 479 497 534 27.
517 478 638 553 agedum
660 476 713 533 hcc
733 477 802 535 mitt
817 479 920 552 expedi
938 479 1068 554 primum.
1093 482 1139 536 ubi
1156 484 1251 537 Dona-

271 586 324 626 tus:
343 569 411 622 *dum
423 564 626 635 capitumet,
643 565 799 620 etadiuvat
815 569 951 620 exanimo
967 565 1134 640 loquentem.
1153 569 1252 620 Heaut.

206 711 209 720 Δ
271 659 306 721 2,
322 655 353 719 3,
372 652 415 708 69.
438 651 558 722 agedum
581 653 721 718 vicissim,
754 655 843 726 Syre,
864 651 923 716 die,
943 671 1015 724 quae
1038 651 1128 706 illa'st
1151 651 1254 708 alteru.

273 742 327 793 (lie.
342 759 368 807 p.
387 737 459 788 Sulla
472 735 523 800 26,
541 735 584 789 72.
611 737 740 807 Agedum
760 733 887 807 conferte
902 757 974 790 nunc
996 757 1058 790 cum
1080 735 1141 792 iltis
1160 724 1254 792 eitam

274 827 306 882 P.
324 821 429 880 Sullae.
453 821 508 872 Liv.
527 819 560 883 7,
590 817 623 883 9,
642 819 667 870 8.
694 839 774 890 quem
798 831 884 886 nunc,
913 824 1020 894 inquit,
1047 821 1255 878 Ro'mwvirum

269 909 461 984 fortissimum
477 902 576 967 labec,
595 903 730 974 procedat
745 905 864 976 agedum
880 904 920 958 ad
936 925 1070 977 pugnam.
1096 907 1129 973 7,
1149 906 1194 973 34,
1211 909 1256 960 11.

270 993 415 1069 agitedum
429 996 469 1046 ite
484 1009 595 1043 mecum.
630 989 691 1040 coll.
709 987 758 1054 44,
776 987 828 1055 38,
847 987 872 1040 4.
899 988 932 1054 5,
949 988 1000 1053 52,
1020 992 1045 1043 9.
1069 993 1256 1049 recordamini

272 1079 433 1154 agitedum,
453 1078 563 1149 quoties
577 1092 656 1126 sacra
672 1077 869 1128 instaurentur.
888 1077 1086 1128 Drakenborch.
1101 1079 1136 1128 ed
1155 1079 1213 1130 Liv.
1227 1079 1254 1144 8,

272 1165 322 1230 62,
340 1161 367 1215 4.
383 1163 466 1212 mttlta
482 1161 599 1228 exempla
614 1160 731 1226 collegit.
758 1161 853 1212 catull.
868 1159 918 1224 63,
936 1159 979 1212 78.
998 1161 1135 1232 agedum,
1153 1165 1256 1235 inquit,

205 1307 207 1312 ,
273 1270 327 1323 age
351 1245 452 1318 ferox,
479 1247 497 1299 i.
525 1243 658 1295 ctaudian.
683 1245 761 1294 Gens.
782 1246 859 1296 Prob.
878 1255 905 1296 et
927 1247 968 1296 ol.
984 1245 1042 1298 129.
1063 1247 1112 1301 dic.
1122 1248 1254 1319 agedum,

249 1373 250 1378 ,
274 1353 345 1407 quae
361 1350 459 1385 caussa
477 1331 565 1384 uiae?
585 1329 630 1380 ubi
644 1332 781 1379 Burmann.
806 1329 866 1391 dic,
885 1349 938 1402 age
959 1329 1005 1383 dic
1025 1333 1149 1384 coniecit.
1184 1336 1254 1386 Stat.

272 1419 356 1471 Theb.
372 1416 407 1481 7,
422 1413 482 1466 126.
500 1411 620 1484 agedum
634 1408 751 1482 inferias
768 1423 796 1466 et
811 1412 893 1468 busta
907 1415 1041 1472 colamus.

289 1528 321 1588 3.
359 1522 514 1604 Augetur
536 1517 584 1582 vis
612 1516 770 1583 orationis
803 1516 1044 1604 duplicatione,
1075 1519 1164 1584 utin
1185 1520 1253 1585 illis

148 1601 153 1628 *
208 1605 358 1675 Terentii
384 1600 469 1692 age,
500 1625 568 1689 age
590 1599 672 1666 cedo
695 1601 782 1666 istuc
807 1614 903 1666 tuum
927 1605 1115 1668 consilium.
1147 1605 1255 1688 Plaut.

207 1696 298 1762 Asin.
316 1700 352 1772 1,
378 1696 416 1772 1,
440 1691 492 1752 27.
518 1710 596 1774 age,
622 1711 690 1776 age
707 1710 808 1775 usque
822 1711 969 1755 esacrae.
991 1691 1127 1772 Terent.
1135 1692 1254 1758 Heaut.

207 1787 249 1865 4,
275 1786 313 1860 3,
334 1776 387 1840 44.
412 1773 480 1837 Cic.
500 1771 540 1836 d'e
556 1771 625 1835 Fin.
647 1775 686 1847 5,
707 1779 746 1856 3,
766 1777 797 1838 8.
822 1773 824 1782 ’

191 1904 193 1913 ’
290 1903 330 1968 II.
377 1907 406 1966 1.
438 1900 594 1964 Oratores
609 1898 671 1963 hac
685 1919 765 1962 voce
782 1910 931 1982 utuntur,
953 1903 1011 1967 ubi
1026 1913 1200 1970 transeunt
1215 1904 1256 1969 ad

189 1991 306 2056 aliam
317 2010 404 2062 rem,
427 1996 534 2071 atque,
557 1985 607 2064 iis,
634 2006 716 2070 quae
735 1988 946 2070 praecedunt,
968 1990 1145 2071 absolutis,
1166 1990 1254 2057 hanc

207 2080 220 2144 i
244 2099 315 2140 sam
331 2074 502 2157 tamquam
520 2071 682 2134 maiorem
699 2080 731 2132 et
750 2073 935 2155 graviorem
958 2085 996 2138 ut
1018 2099 1071 2140 ma
1094 2075 1120 2138 is
1146 2085 1257 2140 atten-

210 2101 308 2238 dict,
332 2159 498 2222 auditores
518 2166 666 2220 evocant.
687 2155 802 2240 Neque
822 2157 922 2255 igitur
942 2159 1033 2225 abest
1048 2099 1258 2225 adhortatio-

208 2248 259 2336 nis
276 2248 344 2322 vis,
367 2263 569 2331 quamquam
585 2263 682 2329 saepe
695 2263 766 2306 non
782 2265 886 2328 magis
901 2244 987 2310 valet
1003 2267 1038 2308 ac
1052 2247 1137 2310 iam.

312 2367 366 2418 cic.
382 2383 408 2434 p.
426 2364 497 2414 Sulla
516 2361 567 2427 26,
588 2359 631 2415 72.
657 2361 784 2431 expositis
807 2363 935 2416 Catilinae
958 2375 986 2416 et
1009 2365 1118 2417 Antonii
1139 2364 1257 2416 moribus

276 2451 379 2522 pergit:
397 2449 518 2519 agedum
542 2444 669 2516 conferte
685 2466 756 2498 nunc
770 2443 840 2499 cum'
854 2445 914 2504 illis
931 2449 1019 2502 citam
1043 2451 1073 2506 P.
1094 2449 1200 2504 Sullae.
1230 2469 1257 2518 p.

281 2538 353 2602 Lege
368 2535 438 2583 Man.
455 2528 502 2596 14,
518 2530 561 2584 39.
583 2551 637 2602 age
651 2548 716 2582 vera
736 2536 831 2586 ceteris
847 2535 876 2586 in
889 2521 970 2586 rebus
992 2535 1083 2608 qualis
1100 2537 1138 2589 sit
1154 2545 1258 2603 tempe·

174 2607 176 2614 ,
279 2622 372 2673 tantia
393 2614 574 2670 considerate.
607 2635 634 2685 p.
655 2615 711 2684 Mil.
729 2613 783 2678 21,
806 2612 851 2670 55.
879 2616 942 2690 Age
963 2639 1036 2674 nunc
1059 2624 1112 2676 iter
1131 2618 1259 2689 expediti

280 2705 398 2760 latronis
420 2721 480 2766 cunt
495 2699 623 2756 Milonis
645 2699 851 2770 impedimentis
872 2717 1040 2772 coaeparate·
1068 2704 1114 2755 ubi
1136 2704 1260 2755 nonnulli

276 2791 380 2844 codices
398 2791 483 2858 agite.
501 2787 548 2838 sed
562 2785 614 2838 vid.
631 2787 756 2838 Garaton.
772 2796 840 2855 etp.
860 2787 1028 2866 Eoutei.15,
1056 2789 1100 2847 33.
1119 2790 1152 2843 de
1167 2791 1258 2850 Dicin.

278 2876 314 2939 1,
330 2869 381 2938 28,
399 2870 443 2924 45.
463 2891 599 2945 agonum
614 2871 653 2925 ad
668 2883 781 2926 externa
795 2873 947 2929 redeamus.
963 2865 967 2883 ’
1026 2889 1027 2894 ’

184 2959 216 3044 ‚²
252 2982 255 2992 '
291 2973 467 3052 nummi
481 2975 697 3040 attentionem
712 2984 749 3037 ut
763 2975 925 3057 excitent,
946 2998 1015 3062 age
1039 2975 1259 3063 praemittunt
1336 3029 1338 3034 .

210 3067 418 3148 etiamtum,
442 3082 546 3150 quum
561 3060 684 3146 aliquid
700 3059 983 3127 demonstraturos
1001 3083 1036 3125 se
1052 3075 1129 3127 'esse
1152 3063 1258 3150 sigui·
1283 3087 1286 3094 ·

208 3151 321 3219 ficunt.

238 3283 244 3291 ·
325 3269 379 3320 Cic.
396 3287 422 3336 p.
442 3268 520 3318 Rosc.
536 3264 592 3318 Am.
608 3261 658 3330 37,
679 3259 738 3318 108.
758 3284 812 3338 age
825 3281 896 3318 nanc
913 3281 947 3319 ex
965 3265 1055 3338 ipsias
1079 3261 1260 3341 Chrysogoni

278 3348 382 3408 iudicio
408 3353 575 3406 Rosciorum
589 3347 717 3420 factum*
734 3350 946 3405 consideremus.
979 3353 1099 3404 Lactant.
1122 3353 1210 3420 Inetit.
1231 3349 1259 3418 4,

279 3433 324 3502 24,
343 3435 367 3487 1.
397 3437 546 3499 Quomodo
563 3437 642 3488 etiam
653 3436 747 3502 Virgil.
759 3435 838 3487 Geor.
848 3432 875 3497 4,
891 3431 949 3486 149.
971 3448 1042 3490 nune
1055 3455 1125 3509 age,
1143 3449 1260 3492 naturas

280 3517 382 3592 apibus
396 3539 464 3594 quas
482 3523 610 3592 Iuppiter
626 3524 688 3592 ipse
702 3520 833 3583 addidit,
852 3518 1008 3590 expediam.
1033 3509 1147 3589 16116,
1163 3519 1224 3574 756.

293 3621 351 3688 ΙΙΙ.
396 3621 547 3688 Tertium
570 3643 671 3708 genus
696 3645 733 3689 ea
759 3614 992 3708 complectitur
1015 3625 1185 3712 exempla,
1222 3625 1261 3690 in

112 3726 115 3739 ¹
212 3703 329 3805 quibus
344 3729 405 3795 per
419 3707 647 3806 praepositum
661 3725 732 3773 AGE
748 3709 803 3804 aut
820 3707 865 3788 is,
891 3707 931 3770 ad
943 3729 1046 3805 ⁸quem
1064 3733 1099 3774 se
1116 3733 1261 3776 convcr-

211 3802 252 3856 tst
266 3815 396 3876 sermo,
418 3800 590 3858 matantsus
608 3791 819 3882 compellitur
826 3839 836 3874 ,
861 3799 915 3855 aut
940 3816 1012 3880 apsa
1034 3797 1142 3860 oratio
1171 3817 1262 3893 pro·

211 3887 365 3948 movetur
383 3889 428 3942 et⁴
445 3877 664 3943 convertiturs
694 3870 786 3967 quod
807 3877 952 3965 quidem
966 3880 1009 3944 ob
1034 3880 1266 3970 multiphcem,
1327 3909 1330 3914 ·

213 3983 360 4028 caussam
374 3961 445 4027 fieri
461 3971 583 4050 potest.
999 4015 1003 4024 ,
1029 4030 1033 4034 ,

298 4054 328 4114 1.
358 4049 465 4136 Atque
480 4049 542 4112 ista
599 4045 750 4112 lorratio
772 4043 853 4112 haec
871 4057 939 4130 est,
961 4067 1025 4204 pua
1038 4039 1260 4136 interrogatio

212 4155 276 4222 per
298 4157 368 4223 age
388 4133 435 4204 ita
455 4134 548 4215 inten
574 4133 655 4218 tur,
681 4141 720 4198 ut
742 4132 810 4202 cius
836 4131 903 4204 vim
923 4155 961 4204 re
984 4133 1062 4202 dere
1086 4137 1260 4224 possimus
