2784 4746
4 485 6 576 l

172 415 173 422 .
265 433 270 454 Ι,
304 311 329 368 ⁸
354 291 630 426 munuum,
650 323 887 412 lnvsrsvs.
1091 351 1152 428 iro
1273 400 1275 410 .

96 499 144 566 do
166 495 319 584 sullus
329 517 397 582 pro
415 495 602 562 minime.
645 477 809 584 Equidem¹
828 495 1038 573 derivationis
1067 499 1149 580 fun-

4 595 5 666 }
96 587 296 650 dementum
313 604 383 646 esse
398 593 481 669 puto
503 605 635 661 versus,
655 583 747 669 quod
764 595 889 654 averto
906 585 1024 657 eodem
1035 583 1147 666 *modo

4 709 5 732 i
95 669 227 736 factum
241 678 301 748 est,
320 667 519 754 quodemus
544 693 561 732 a
585 668 702 747 deme,
725 681 978 737 recusatores.
1019 669 1065 739 Et
1080 674 1147 738 sic-

4 759 6 776 '
94 757 147 821 uti
175 753 315 818 demum
336 753 507 829 dicebatur
523 753 604 822 olim
627 753 762 829 demus,
800 755 898 818 etiam
920 774 1037 821 rursus
1065 777 1146 835 rur·
1217 752 1220 764 ’

94 851 223 906 sumet
238 859 395 924 prorsus,
411 838 434 902 i.
453 859 481 905 e.
497 859 684 925 proversuS,
694 857 867 928 prorsum,
890 860 1028 926 quorsus
1043 863 1146 930 quoip-

93 948 191 1002 sum,
215 923 377 990 adsersus
393 923 574 1013 adversum
590 923 714 1010 duplici
728 925 840 995 forma
854 930 1040 1012 composita
1057 939 1145 997 sunt.
1194 967 1198 977 ·

96 1013 213 1092 Quare
230 1031 302 1074 non
317 1008 529 1096 participium
551 1010 770 1098 intelligemus
788 1011 930 1076 adverbii
951 1012 1028 1112 loco
1049 1015 1164 1102 posi-¹

4 1163 6 1196 ;
95 1109 189 1176 tum,
215 1094 271 1158 sed
288 1115 502 1166 communem
528 1117 603 1159 eum
622 1115 661 1159 eo
686 1094 788 1160 fuisse
813 1095 975 1184 originem
996 1103 1062 1186 ipsi
1085 1101 1144 1172 ad-

4 1251 6 1278 l
96 1269 212 1342 nitus,
237 1263 420 1346 mordicus.
463 1264 583 1352 Neque
604 1266 743 1354 amplius
768 1265 1007 1345 dubitabimus,
1021 1281 1146 1346 ‚nitrum
1212 1320 1213 1324 ,
1307 1305 1308 1309 =

95 1182 233 1262 verbio,
257 1179 348 1268 quod
363 1201 434 1246 non
449 1181 543 1244 aliter
559 1180 762 1263 formatum,
786 1179 1066 1269 quamsecurium,
1076 1205 1145 1272 pe.-

4 1367 5 1370 ’
97 1351 309 1432 adverbium,
336 1370 377 1414 an
402 1352 607 1500 praepositio
630 1350 832 1417 nominanda
854 1351 906 1418 sit.
957 1351 1146 1421 Perizonius

98 1440 139 1504 ad
159 1434 284 1501 Sanctii
300 1435 382 1506 Min.
435 1442 489 1501 .1.
512 1459 546 1524 Ρ.
571 1439 641 1502 174.
664 1435 856 1514 adverbium
883 1436 1146 1506 arbitraturesse

98 1547 175 1588 cum
194 1521 443 1621 praepositione
458 1522 703 1610 compositum,
729 1521 825 1586 sicuti
841 1544 986 1613 prorsus
1011 1533 1044 1590 et
1057 1528 1144 1591 ‘rnr-

95 1633 175 1690 sus,
199 1609 341 1692 ideoque
357 1607 415 1670 ubi
430 1629 507 1671 cum
522 1608 706 1674 accusativo
723 1615 967 1696 componatur,
990 1621 1146 1698 repeton«

98 1696 175 1759 dam
193 1716 263 1758 esse
302 1693 562 1780 raepositionem
581 1691 647 1774 ad,
672 1714 754 1781 quae
769 1695 808 1759 in
821 1695 1067 1782 compositione
1084 1719 1146 1785 ap·

96 1787 223 1870 pareat.
297 1777 462 1844 tVossius
488 1779 527 1842 de
546 1777 684 1866 Analog.
709 1783 740 1844 4.
769 1798 804 1866 Ρ.
820 1779 895 1844 260.
922 1783 1145 1866 accusativum

95 1866 167 2014 rpgi
193 1859 361 1928 existimat
382 1864 414 1928 vi
439 1862 562 1952 prioris
587 1866 710 1953 partis,
738 1871 776 1928 ut
792 1865 1088 1932 aduersus'urbem
1103 1871 1145 1933 sit

98 1976 120 2016 a
163 1947 279 2015 urbem
305 1969 427 2014 versus.
474 1948 538 2014 Sed
562 1949 629 2014 iam
655 1947 810 2032 VrsiuuS,
838 1971 984 2038 quocum
1009 1952 1147 2026 Perizo-

97 2039 173 2101 nius
206 2045 330 2100 temere
360 2041 504 2122 pugnat,
540 2036 710 2100 veritatem
742 2035 791 2100 rei
821 2033 900 2123 ¹pers
924 2045 1053 2120 exerat,
1093 2047 1145 2122 et,

98 2141 238 2187 omnem
252 2119 413 2184 eiusmodi
436 2119 565 2207 ellipsin
582 2119 644 2185 sibi
660 2129 833 2208 supectam
851 2057 952 2192 vidiri
964 2119 1146 2205 affirmans,

58 2247 63 2254 ·
97 2203 294 2272 adverbium
318 2206 442 2270 dixerat
460 2205 597 2270 induere
616 2204 1058 2293 praepositonisnaturam,
1087 2208 1146 2274 ubi

97 2291 303 2358 aecusativus
323 2310 414 2354 casus
434 2287 473 2354 ab
493 2313 531 2354 eo
548 2295 728 2376 regeretur.
757 2287 799 2374 Id¹
812 2291 899 2362 enim
914 2289 954 2354 fit
970 2315 1009 2358 eo
1028 2294 1144 2376 ruodo,

97 2401 165 2466 quo
184 2377 248 2440 alia
264 2374 414 2440 adverbia
433 2388 510 2440 oum
530 2373 720 2444 nominibus
745 2374 1002 2462 coniunguntur.
1044 2379 1146 2469 Atqui
1216 2417 1217 2420 ¹

4 2491 5 2494 ¹
97 2464 261 2530 adversus
278 2459 510 2548 componitur,
533 2457 591 2526 ubi
614 2481 739 2526 nomen
759 2458 866 2539 adest,
890 2465 1144 2546 cumaccusoti-

96 2573 160 2632 vo,
183 2565 283 2634 quum
300 2545 411 2634 ipsum
429 2544 463 2610 in
480 2570 515 2612 sc
530 2543 650 2612 babeat
665 2545 853 2612 directionis
868 2539 1061 2632 nbtionem,
1087 2551 1145 2615 ad·
1241 2615 1244 2628 .

97 2634 252 2720 diturque
277 2633 406 2711 dctivo,
427 2629 608 2714 ubiverbo
627 2629 789 2698 adhaeret.
811 2709 815 2722 .
834 2633 1010 2718 Quintam
1035 2655 1146 2722 prope

98 2719 253 2785 accedere
268 2727 397 2806 potest,
418 2729 460 2780 ut
471 2727 552 2781 'cu‘m
565 2719 674 2782 dativo
693 2718 868 2782 cohaerere
886 2715 1060 2804 videatur,
1074 2722 1144 2786 vel·

95 2803 145 2870 uti
160 2805 195 2868 in
207 2805 366 2884 Gomieo,
382 2803 439 2889 qui
448 2803 552 2866 Plauti
565 2799 846 2894 Amphitruonem
860 2799 1072 2890 interpolavit
1088 2805 1142 2870 Se.

98 2898 137 2974 2,
168 2895 223 2954 73.
252 2909 387 2954 eamus.-
419 2898 452 2950 te
482 2885 662 2952 adversum
684 2884 782 2950 trxori
804 2885 910 2952 etiam
940 2885 1144 2955 adroebtnm
1238 2936 1242 2956 .

98 2974 183 3042 eolo.
208 2971 273 3039 nisi
297 2970 508 3062 participium
530 2973 635 3062 magis
661 2971 836 3060 intelligas.
886 2970 948 3036 Vbi
973 2995 1061 3060 vero
1076 2977 1144 3040 dis-

95 3068 204 3128 tracto
229 3063 366 3126 nomine
391 3057 511 3122 dicitur
531 3056 584 3122 od'
602 3081 637 3123 se
665 3078 794 3140 verens,
819 3054 868 3122 ad
882 3053 997 3124 urbem
1021 3053 1143 3141 versus,
1184 3069 1186 3072 ’

97 3149 138 3214 de
154 3166 222 3234 quo
238 3143 345 3222 infra,
377 3165 438 3234 per
464 3163 499 3208 se
523 3153 587 3209 etat
607 3143 804 3228 adverbium
825 3163 957 3230 versus,
989 3143 1145 3210 directio·

95 3255 175 3298 nem
193 3238 354 3294 notans·
523 3278 525 3287 .
699 3257 731 3290 ¹.
814 3281 817 3289 .
922 3301 924 3308 ,
955 3240 977 3296 ss
1123 3230 1126 3238 ⁴
1184 3236 1186 3246 '

176 3314 362 3388 ¹Priscianus
377 3313 417 3382 dc
432 3335 491 3380 suo
508 3335 603 3380 more
618 3331 654 3412 Ρ.
671 3315 746 3378 976.
765 3312 837 3400 (14,
855 3317 876 3378 1ι
883 3355 896 3395 ,·
915 3310 961 3398 5.)
984 3309 1144 3380 adoer-

96 3420 187 3465 snm
205 3399 423 3488 qnoque'icleo
437 3401 728 3488 praepositionem
748 3420 817 3462 esse
824 3407 1045 3484 pictaverunt,
1063 3399 1145 3488 quic

90 3508 160 3573 pro
188 3487 238 3551 ἐπί
266 3505 399 3573 graecu
420 3483 683 3596 praepositione
715 3481 801 3547 solet
833 3481 1021 3571 aliqnando
1040 3484 1144 3570 ¹poni.

101 3571 250 3654 (λιαιιιίο
267 3583 382 3636 etitem
396 3594 429 3636 το
447 3572 582 3637 ἐναντίον
598 3563 793 3656 significat,
813 3571 929 3656 magis
946 3563 1145 3634 adverbium

97 3654 300 3721 ostenditur.
344 3657 515 3744 Agroetius
533 3654 759 3740 de'Orthogr.
785 3675 820 3742 p.
837 3659 933 3720 2267.
955 3653 1088 3719 Putsch.
1106 3675 1142 3744 p.
1175 3725 1177 3728 ,
1253 3675 1274 3750 ,¹
1324 3621 1333 3645 ἱ

97 3745 192 3808 1352.
211 3737 370 3806 Gothofr.
392 3738 560 3828 distinguit
574 3739 701 3804 formas
725 3739 884 3814 adversus
909 3747 942 3803 et
962 3739 1144 3804 *adversam

96 3824 357 3914 significatione:
379 3827 545 3892 adversus
564 3833 618 3904 te,
644 3821 882 3888 adversarios.-
904 3821 1143 3903 adserentem,
1174 3835 1179 3840 ”
1247 3859 1250 3884 κ,

95 3913 273 3977 imitator.
312 3908 362 3978 lte
383 3911 473 3976 enim
488 3909 699 3975 scribendum
716 3916 780 3988 est,
800 3929 870 3974 non
889 3907 1058 3976 imitatur.
1080 3909 1147 3976 Sed

95 3997 191 4062 istius
210 3996 430 4062 distinctionis
449 3994 539 4062 nulla
556 4001 606 4060 est
619 3995 725 4074 ratio,
745 4015 852 4080 neque
875 3993 915 4059 ab
942 4014 1000 4060 usu
1018 3995 1147 4061 confir--

94 4083 216 4148 matio.
261 4082 297 4146 Si
321 4080 578 4168 quid'constitui
603 4088 732 4167 potest,
756 4077 978 4167 antiquiorem
997 4079 1144 4143 formam

94 4177 190 4236 recte
206 4166 353 4254 dicemus¹
381 4165 544 4234 advorsus
568 4166 635 4234 sive
665 4165 835 4232 adsersus.
885 4161 923 4229 In
948 4164 1077 4251 scriptis
1099 4160 1143 4226 li-

811 4267 891 4328 12*
1031 4293 1033 4297 ’
