2760 4748
1180 269 1190 302 t

243 338 327 406 tao·
425 385 429 394 .
597 331 728 399 ANTE.
770 329 929 396 tn'rtta.
983 380 988 384 .

310 491 352 544 ari
367 491 467 559 quiquo
485 486 616 542 baberent
631 485 841 542 anto-‘consilia
859 479 966 540 tibimet
976 479 1158 552 suggerenda.
1174 491 1204 533 at
1213 501 1283 534 oon-

313 575 436 626 struenda
454 585 513 624 sunt
529 575 607 625 verba
625 591 707 646 qnam
723 582 806 636 anto,
822 571 842 620 i.
859 588 883 620 e.
901 569 989 636 prius,
1003 564 1134 620 baberent
1147 567 1282 619 'consiliat

310 661 370 710 line
387 659 478 710 retulit
496 660 623 710 Vechner.
638 659 668 708 in
686 656 892 722 Hellenolexfp·
908 651 969 704 230.
984 651 1080 718 Virgil.
1095 656 1161 705 Aen.
1178 652 1206 714 9,
1224 653 1284 703 140.

280 733 290 752 ⁸
309 761 421 814 peccare
432 739 542 813 fuisset
564 753 629 794 anta
646 743 733 794 satis.-
759 751 789 792 nt
805 739 948 807 explicaret
962 731 996 788 ut
1015 733 1083 802 apin
1100 729 1282 802 ἁμαρτάνειν.

310 831 359 880 Est
381 839 466 880 antem
486 837 588 890 antea,
609 825 686 879 olim.
720 825 795 896 Apud
816 823 915 875 Tibull.
950 817 1030 883 1,4,
1052 819 1096 872 29.
1122 825 1283 890 quamcito

309 930 463 982 purpureos
480 909 607 982 deperdit
626 923 699 963 terra
717 911 832 974 colores,
849 925 931 980 qaam
948 907 1005 958 cito
1025 900 1174 974 formosat
1192 923 1283 975 poper-

314 995 358 1048 lus
375 993 443 1048 alba
461 1013 562 1048 comas.
579 996 694 1063 Scaliger
711 1014 767 1048 cum
785 993 932 1046 Passeratio
946 991 1181 1058 comprobaverunt
1199 1001 1282 1044 ante·

312 1098 498 1149 contraquam
515 1090 602 1132 essent
618 1079 647 1132 ori
664 1079 732 1146 πρὶν
750 1075 854 1146 κόμαι,
867 1077 1010 1128 hornotiua
1027 1075 1101 1126 folia.
1136 1075 1191 1126 Cic.
1210 1079 1280 1126 Brut.

313 1165 363 1230 14,
388 1165 432 1220 55.
459 1163 534 1234 quod
558 1163 732 1218 is'tribunur
756 1161 848 1234 plebis
872 1191 904 1202 -
927 1173 1024 1232 patrer
1055 1169 1121 1233 ante
1155 1169 1282 1213 auctores

227 1247 231 1258 '
315 1249 382 1317 fieri
407 1251 535 1320 roigcrit.
572 1247 729 1315 intelligitur
755 1259 816 1305 ante
845 1232 938 1301 initum
968 1245 1127 1313 suffragium.
1215 1299 1217 1306 Α

216 1398 217 1407 .
328 1353 347 1392 1
367 1351 405 1414 ln
420 1350 548 1436 scriptis
562 1349 654 1414 libris
669 1350 826 1415 confundi
847 1350 995 1414 solebant
1018 1345 1178 1411 vocabula
1202 1357 1281 1408 ante

247 1445 435 1502 et'uutem:
460 1436 522 1500 vid.
547 1437 695 1502 Gronov.
715 1437 756 1501 ad
778 1437 849 1500 Liv.
872 1441 932 1517 21,
954 1436 992 1515 5,
1017 1438 1068 1498 10.
1111 1429 1279 1495 Drakenb.

231 1523 287 1602 scd
302 1528 363 1598 21,
387 1526 502 1600 35,.7.
525 1532 558 1586 et
578 1527 638 1598 28,
662 1529 722 1599 33,
743 1529 776 1588 2.
801 1533 834 1586 et
853 1527 913 1600 27,
937 1523 999 1599 85,
1020 1524 1053 1582 7.
1084 1517 1224 1584 Bothius
1240 1515 1279 1579 ad

245 1607 350 1672 Plaut.
376 1611 448 1674 Cos.
471 1632 506 1695 p.
530 1612 602 1672 181.
626 1620 657 1673 et
679 1621 760 1673 ortt.-
791 1609 855 1673 vid.
879 1604 1049 1672 Drakenb.
1079 1603 1120 1666 ad
1142 1603 1218 1672 tiv.
1231 1607 1279 1681 10,

157 1699 160 1704 ’
245 1696 305 1770 35,
333 1700 383 1760 19.
406 1705 438 1758 et
462 1719 485 1758 a
501 1706 553 1758 te.-
575 1695 636 1758 vid.
659 1697 821 1758 Goerenz.
846 1693 885 1755 ad
908 1693 976 1755 Cic.
1000 1691 1041 1754 de
1064 1688 1135 1752 Fin.
1160 1711 1193 1774 p.
1208 1688 1280 1752 423.

247 1779 322 1842 450.
352 1791 382 1841 et
412 1791 506 1842 arte.-
534 1778 791 1844 vid.'Drakenb.
815 1779 856 1842 ad
877 1778 947 1842 Liv.
969 1781 1030 1855 36,
1053 1779 1111 1854 11,
1132 1778 1163 1837 9.
1182 1773 1281 1838 etad

246 1871 279 1926 et
294 1887 337 1926 uc
351 1863 419 1928 Liv.
436 1866 496 1943 35,
513 1869 574 1942 32,
594 1865 625 1927 4.
649 1861 729 1928 aitte
745 1875 778 1927 et
794 1875 898 1928 arttea
916 1858 1084 1926 Drakenb.
1101 1859 1141 1922 ad
1161 1859 1230 1923 Liv.
1251 1862 1280 1942 5,

145 1971 148 1982 s
247 1950 304 2024 19,
326 1949 443 2042 (1.140,
467 1953 524 2032 12,
545 1953 578 2014 8.
618 1950 799 2038 Heusinger
817 1949 858 2014 ad
875 1948 943 2014 Cic.
964 1945 1062 2010 Ollio.
1081 1949 1123 2021 ὃ,
1144 1948 1206 2026 28,
1227 1949 1257 2009 9.

536 2157 539 2162 ·
643 2119 883 2239 aaran.
996 2175 1060 2276 χ

205 2415 207 2420 ,
329 2348 454 2440 Omnes
471 2353 676 2438 grammatici
697 2349 895 2417 recentiores
916 2346 1051 2410 tradunt
1074 2363 1193 2412 ΑΝΤΕΑ
1217 2369 1281 2410 esse

245 2439 326 2490 ante
342 2455 394 2510 eo,
410 2439 618 2518 pronominis
634 2439 849 2503 accusativum
868 2455 942 2496 cum
957 2433 1206 2518 praepositione
1223 2455 1280 2494 co-

243 2512 417 2596 pulatum:
452 2523 541 2604 quod
564 2545 627 2608 pro
651 2533 741 2586 certo
764 2519 921 2584 affirmari
945 2539 1016 2581 non
1032 2527 1153 2603 potest.
1196 2519 1279 2581 Nam

160 2629 162 2650 ι
243 2617 312 2660 non
327 2601 431 2665 modo
447 2625 517 2668 non
531 2606 724 2692 intelligitur
737 2607 822 2672 ratio
839 2605 936 2667 buius
956 2605 1202 2678 contractionis,
1225 2601 1279 2666 sed

138 2763 141 2768 1
246 2679 479 2754 obstat-etiam
503 2701 650 2762 extrema
672 2691 798 2778 syllaba
821 2711 953 2774 semper
977 2687 1157 2776 producta,
1189 2699 1226 2750 nt
1245 2689 1279 2752 in
1354 2707 1355 2768 j

177 2838 181 2842 ,
238 2780 377 2914 postea,
401 2788 539 2852 contra,
560 2777 653 2842 ultra
664 2827 673 2857 ,
673 2774 833 2927 1⁴[rastra.
874 2775 1040 2838 Nimirum
1057 2775 1148 2860 quod
1159 2785 1279 2859 postea

266 2874 333 2916 revr
350 2857 475 2942 syllaba
492 2885 531 2924 ex
548 2863 657 2928 Ovidii
698 2867 755 2930 ast.
774 2865 811 2942 1,
835 2863 907 2926 165.
931 2858 1084 2939 affertur,
1106 2859 1279 2922 1111111111-

242 2935 298 3000 bet
314 2943 557 3026 conditionem,
590 2949 631 3013 de
653 2971 715 3034 qua
740 2969 800 3012 suo
825 2948 902 3012 loco
925 2941 1090 3008 dicemus:
1114 2966 1176 3007 neo
1192 2943 1279 3030 quod

240 3028 408 3172 poetaeid
428 3031 625 3096 vocabulum
644 3044 712 3098 tam
729 3055 807 3096 raro
825 3039 1002 3116 usurpant,
1030 3029 1091 3094 olia
1115 3029 1155 3092 de
1168 3031 1279 3092 'cauma

259 3121 366 3176 actum
384 3125 450 3196 est,
475 3139 574 3203 quam
594 3123 667 3204 quia
683 3139 836 3181 mensura
855 3117 923 3180 eius
946 3114 1115 3202 dactylicis
1134 3116 1278 3178 numeris

241 3214 311 3258 non
334 3210 465 3281 poterat
487 3203 623 3286 aptari.
659 3201 768 3281 Quare
788 3202 938 3265 Lucanus
964 3204 1004 3278 6,
1039 3203 1112 3262 116.
1137 3201 1204 3262 seri
1228 3201 1278 3278 sit,

217 3277 453 3379 „plrtrimupue
473 3285 538 3346 luri
555 3287 632 3349 unis
654 3298 739 3350 ante*
760 3288 822 3350 ltoo
842 3285 1021 3388 incognito
1040 3285 1167 3347 mensis
1191 3223 1279 3348 cliri-

236 3383 338 3458 preps
353 3367 462 3430 malea.
482 3379 519 3432 ut
535 3382 614 3434 esset
634 3383 731 3452 unte,
742 3382 864 3436 antea.
907 3371 995 3456 largo
1012 3391 1141 3434 necesse
1163 3381 1212 3434 est
1226 3370 1279 3432 in-

239 3445 423 3534 telligamus
453 3452 630 3536 ablativum
656 3479 730 3520 cum
747 3471 827 3522 onte
842 3453 1084 3541 compositum,
1106 3464 1143 3517 ut
1164 3455 1196 3518 in
1214 3477 1278 3518 cu-

220 3533 357 3632 'tetram
384 3536 515 3613 oditur,
544 3554 767 3627 quapropter.-
795 3564 874 3604 nam
898 3562 965 3626 quo
985 3541 1094 3603 minus
1112 3540 1277 3604 existime-

239 3635 325 3696 mus,
342 3621 437 3686 ¹illam
456 3623 612 3710 syllabam
624 3650 645 3689 ιι
655 3621 971 3690 inantecsufiixam.
984 3647 1053 3688 esse
1069 3625 1277 3694 terminatio-

136 3730 140 3749 ι
237 3721 316 3765 nem
332 3704 480 3787 ablativi,
508 3710 648 3796 impedit
672 3721 702 3774 et
718 3709 898 3774 similitudo
922 3709 1071 3776 vocabuli
1089 3733 1159 3796 pro
1184 3723 1277 3774 terea

238 3787 409 3888 eisylluba
433 3815 487 3869 cr,
516 3805 598 3881 quae
623 3797 656 3862 in
683 3795 794 3876 nitra,
823 3817 946 3880 supra,
976 3807 1115 3876 contra,
1139 3733 1278 3882 ssustrc

236 3876 421 3957 praecedit,
453 3890 484 3942 et
499 3881 675 3946 manifesto
687 3893 794 3948 servat
810 3881 997 3949 adiectivam
1012 3880 1161 3946 formam
1176 3885 1276 3965 supe-

184 3973 186 3982 ·
236 3971 502 4033 rus‚·oonterus.
1044 4035 1047 4043 ¹
1083 4031 1087 4038 ,

240 4070 264 4121 .‘
325 4049 353 4108 1.
387 4047 515 4112 Dicitur
535 4069 653 4116 Aurea
675 4073 746 4116 non
768 4052 830 4116 nisi
857 4051 1083 4136 detempore.
1127 4049 1221 4129 Quae
1236 4045 1275 4108 ad

234 4123 347 4195 locum
364 4135 543 4220 pertineret
557 4135 767 4224 significatio,
783 4160 854 4204 eam
870 4159 940 4212 non
957 4135 1081 4224 recepit
1098 4154 1187 4200 usus.
1221 4131 1273 4196 ln-
