2726 4746
437 329 452 363 e
530 304 627 372 ΛΒΤ.
666 305 738 374 AT.
1057 307 1155 399 ’427

345 413 353 442 Ι
665 407 671 422 ,
737 431 763 445 Α.
1256 399 1266 412 .

108 462 226 526 haeret
241 459 335 526 alteri
350 458 436 548 parti
455 480 517 547 per
534 461 775 547 aequationem.
805 454 841 526 ln
856 458 909 524 his
925 463 1064 528 omnino
1078 462 1155 528 nul·
1205 499 1211 508 ι

106 548 163 612 lus
182 557 231 611 est
246 546 338 612 loeus
357 546 535 632 particulae
559 557 608 610 at.
651 545 756 635 Igitur
781 568 837 612 eae
859 548 1053 635 praesertim
1077 541 1158 614 sen-⁵

107 633 232 698 tentiae
259 631 545 696 admittunt-hanc
569 633 854 712 coniunctionem,
887 633 1157 720 quaecont1·aria
1252 668 1255 678 π

108 721 409 804 ita-componunt,
441 727 496 793 ut,
528 716 654 782 etiamsi
678 719 778 784 altera
794 739 849 782 res
870 717 988 784 tollere
1010 730 1064 784 aut
1088 720 1156 784 mi-

109 825 217 870 nuere
234 803 369 867 alteram
384 823 456 866 rem
475 801 640 884 videatur,
669 803 753 886 hanc
769 813 879 870 tamen
896 815 1047 870 constare
1067 805 1158 870 indi·
1226 853 1228 860 .

111 900 199 956 cent.
242 889 311 952 Hae
330 897 407 951 sunt
431 888 670 954 enuntiationes
693 890 914 970 concessivae,
940 900 973 966 et
990 891 1159 975 conditio·
1208 964 1210 967 ,

110 975 216 1056 nales,
229 973 283 1050 uel
299 994 374 1036 cum
388 974 564 1058 negatione
587 975 791 1054 coniunctae,
808 974 859 1040 vel
874 975 1047 1041 notionem
1061 973 1160 1042 aliam

111 1061 299 1149 negativam
314 1062 382 1124 sive
399 1057 564 1145 disparem
580 1061 614 1122 in
633 1081 668 1123 se
684 1057 852 1124 habentes.
876 1059 985 1149 Quare
1006 1072 1045 1126 ut
1059 1082 1164 1126 usurd
1249 1097 1253 1102 ·
1355 1073 1362 1086 ²

40 1163 43 1168 ‘
111 1158 225 1237 petuo,
236 1144 294 1208 ubi
312 1143 509 1208 antecedunt
525 1145 772 1210 coniunctiones
782 1146 856 1228 etsi,
872 1146 1021 1228 etiamsi,
1031 1168 1161 1234 ‚quam-

112 1255 217 1319 quam
234 1229 314 1304 etsi
329 1252 408 1307 non,
428 1229 459 1294 si
474 1230 596 1306 minus,
624 1241 656 1294 et
672 1231 715 1310 εἰ,
735 1231 824 1317 quad
843 1251 905 1318 pro
921 1231 1060 1305 etiamsi
1076 1232 1161 1297 dioi-

113 1330 180 1382 tur.
222 1305 312 1380 Tum
329 1325 385 1378 aut
401 1315 565 1380 adduntur
606 1316 887 1396 articulaetamen
904 1317 955 1382 vel
969 1317 1094 1396 saltem
1109 1319 1161 1384 vel
1243 1354 1245 1358 ·

114 1415 216 1481 certe,
236 1411 419 1466 ontearum
436 1403 483 1465 via
499 1339 709 1489 intelligitur:
730 1419 892 1486 nusquam
901 1413 1010 1468 autem
1021 1415 1060 1468 at
1072 1403 1163 1468 idem

113 1487 269 1574 estquod
287 1499 369 1550 tum.
410 1486 555 1552 Plurima
579 1484 750 1572 exempla,
776 1509 846 1550 non
865 1489 994 1564 omnia,
1027 1511 1162 1574 prono-

111 1597 193 1640 men
208 1572 331 1654 habent
348 1572 527 1660 particulae
551 1572 775 1651 adiuntsum,
790 1572 888 1636 etiam
910 1572 967 1636 ubi
988 1575 1160 1660 oppositio

111 1680 185 1726 nou
202 1659 312 1746 ipsum
326 1679 517 1745 pronomen
531 1658 644 1743 tangit.
683 1657 727 1720 'Et
742 1667 837 1735 sunt,
866 1657 901 1720 in
917 1657 1036 1744 quibus
1055 1669 1094 1722 at
1108 1659 1162 1722 ni-

110 1747 163 1812 hil
177 1745 240 1811 nisi
260 1765 333 1810 rem
350 1766 391 1808 ex
410 1742 547 1818 adrerso
574 1745 717 1836 positam
740 1741 917 1830 signifieat:
929 1753 977 1833 ‘ut
999 1743 1088 1832 apud
1106 1743 1163 1810 ui-

113 1834 207 1901 rium
228 1833 287 1912 10,
310 1833 456 1911 19‚,17.‘
871 1833 873 1844 ⁴

217 1965 373 2022 ¹Doelekius
391 1976 479 2031 errat,
501 1957 580 2036 quum
605 1965 634 2017 in
659 1965 803 2018 Grammat.
828 1985 854 2035 p.
877 1964 1095 2022 tenuandis
1116 1986 1165 2038 per
1197 1951 1199 1962 ¹

187 2053 355 2107 vernaculum
370 2072 420 2120 so,
439 2053 507 2123 quod
525 2053 714 2123 aequalitatem.
728 2052 868 2120 significat:
901 2053 984 2104 Recta
1004 2055 1166 2122 compararit

100 2139 103 2142 ’
184 2159 306 2209 graecum
331 2155 405 2190 usum
431 2138 626 2192 Freinshemius
645 2139 674 2188 in
694 2138 751 2189 lad.
770 2125 844 2189 Cart.¹
859 2139 946 2190 doni.
965 2137 1168 2196 Hermann..ed

159 2219 161 2222 ¹
186 2227 277 2294 Vigor.
295 2243 322 2276 n.
339 2221 400 2277 241.
425 2226 465 2278 De
482 2225 566 2276 latino
584 2222 644 2274 vide
661 2223 826 2274 Perizonium
841 2223 870 2274 in
887 2223 998 2274 Miscell.
1017 2224 1078 2275 Obs.
1090 2226 1167 2280 Tom.

185 2311 213 2363 7.
238 2331 265 2381 p.
281 2308 341 2364 425.
364 2311 411 2360 Ιο.·
427 2309 473 2362 Fr.
500 2308 616 2360 Gronov.
642 2304 837 2374 Observat.¹4,
853 2305 897 2360 26.
917 2303 957 2358 'ad
977 2308 1033 2360 Lir.
1053 2307 1105 2374 24,
1123 2307 1167 2362 87.

184 2399 281 2468 Abralr.
314 2399 431 2448 Gronov.
454 2393 497 2448 'ad
522 2395 649 2461 Pompon.
675 2385 771 2444 Melum
794 2411 832 2464 p.¹
850 2389 910 2444 885.
939 2392 1107 2461 Oudendorp.
1131 2395 1167 2447 ad

188 2485 262 2537 Caes.
280 2487 310 2536 8.
331 2484 365 2536 G.
387 2480 421 2545 6,
441 2476 492 2560 40,
509 2479 535 2532 2.
675 2477 678 2482 ’
707 2478 709 2484 ’
976 2513 996 2548 ,V
1103 2511 1110 2518 ,

221 2604 277 2656 Cic.
304 2602 337 2653 de
365 2605 438 2652 Orat.
452 2599 497 2664 ,8,
517 2566 556 2664 Ι4,
581 2595 623 2652 14.
647 2609 732 2672 atque
758 2601 784 2653 ei
806 2601 863 2653 etsi
880 2617 1053 2670 nequaquam
1071 2619 1169 2672 parem

188 2687 271 2745 illius
289 2689 419 2757 ingenio,
439 2696 470 2737 at
489 2701 542 2755 pro
564 2694 659 2737 nostro
679 2695 772 2738 tamen
789 2681 884 2736 studio
903 2687 1030 2737 meritam
1045 2689 1169 2756 gratiam

187 2771 366 2862 debitamque
384 2766 549 2839 referamus.
584 2769 618 2820 ad
639 2772 710 2820 Fam.
728 2767 761 2832 6,
779 2766 812 2832 6,
828 2767 854 2818 2.
870 2784 896 2835 p.
915 2765 987 2819 Cael.
1003 2767 1040 2833 3,
1058 2769 1083 2822 8.
1108 2779 1172 2842 quie

184 2870 231 2917 est
255 2860 329 2912 enim
348 2881 383 2898 ·-
401 2857 448 2928 qui
471 2857 520 2909 isti
545 2856 637 2906 aetati
661 2864 746 2924 atque
771 2853 858 2904 etiam
883 2851 932 2906 isti
958 2851 1093 2924 dignitati
1111 2875 1169 2910 nore
1255 2905 1262 2917 ,

74 2953 81 2963 “
185 2947 298 3016 possit,
316 2961 399 3016 qaam
421 2937 492 2994 stelit
510 2936 686 3010 petulanter,
711 2939 822 2990 etiamsi
844 2939 903 2990 sine
922 2935 984 2990 ulla
1002 2931 1169 3010 suspicione,

189 3040 222 3083 at
239 3047 296 3082 nors
313 3031 373 3081 sine
397 3033 561 3098 argumento
585 3021 770 3076 maledicere?
803 3022 911 3072 Terent.
937 3023 1003 3072 Eun.
1022 3020 1053 3083 5,
1075 3023 1108 3086 2,
1126 3022 1172 3082 25,

191 3132 249 3167 nors
278 3123 306 3166 te
331 3111 462 3186 diguam,
494 3108 631 3173 Chaerea,
655 3103 756 3178 fecisti
764 3127 773 3159 .·
802 3126 868 3159 nam
894 3109 919 3160 si
942 3119 995 3176 ego
1012 3105 1099 3177 digna
1119 3107 1173 3164 lraa

191 3196 359 3254 sontarselia
377 3215 438 3250 sum
456 3213 602 3256 maranae,
621 3203 652 3246 at
669 3203 700 3245 tu
718 3191 850 3264 indignus
869 3191 919 3264 qui
927 3184 1050 3260 faceres,
1071 3202 1172 3246 tamen.
1196 3215 1199 3220 ·
1308 3189 1312 3204 ’

190 3285 250 3336 ntia
274 3283 333 3335 vide
356 3283 385 3334 in
412 3300 467 3334 urar
494 3292 521 3333 et
546 3281 575 3332 iu
598 3297 716 3342 ovsuvrs.
751 3275 876 3340 Quinctil.
896 3275 945 3338 12,
967 3275 1017 3340 11,
1039 3273 1082 3328 81.
1104 3275 1172 3332 liaeo

192 3379 288 3432 eraut,
310 3365 594 3440 'quiburpraeeepta
623 3361 733 3419 dicendi
756 3355 808 3434 pro
835 3357 912 3414 uirili
935 3371 1019 3430 parte
1034 3361 1174 3426 ,adiuuari
1251 3367 1256 3374 “

191 3471 276 3525 posse
299 3471 350 3523 per
376 3471 427 3507 nos
449 3449 633 3513 effrenamur,
662 3465 778 3522 quoram
797 3441 921 3518 cognitio
941 3446 1078 3504 studiosis
1097 3453 1174 3506 iuve-

190 3535 274 3592 nibus
293 3539 318 3589 εἰ
335 3555 392 3590 non
413 3555 543 3609 maguam
561 3534 714 3590 utilitatem
731 3531 848 3606 afferet,
866 3543 897 3586 at
914 3543 1000 3594 certe,
1020 3535 1097 3605 qaod
1117 3556 1174 3590 rna-

141 3611 144 3618 ·
192 3628 239 3696 gis
264 3623 401 3693 petimus,
429 3620 531 3676 borram
555 3621 742 3693 volumtatem-J
781 3621 903 3672 Prooem.
922 3619 948 3670 2.
976 3619 1115 3696 Celsus2,
1133 3621 1175 3673 15.

194 3699 269 3762 sine
297 3707 327 3761 iet
351 3701 462 3778 quidem
488 3716 547 3768 est,
572 3717 603 3759 at
629 3715 700 3759 serta
725 3709 773 3760 uni
797 3704 866 3776 pedi
892 3697 958 3757 lecti
973 3695 1176 3771 sulainreritum

195 3791 468 3850 'subiiciendum'est.
503 3788 609 3844 Sueten.
627 3791 682 3841 Cal.
703 3791 744 3843 12.
767 3787 894 3846 ersi'uon
919 3787 953 3841 de
977 3785 1122 3861 perfeeto,
1145 3802 1177 3844 at
1229 3797 1234 3807 “

195 3889 267 3934 aerte
285 3879 319 3932 de
337 3877 464 3948 cogitato.
480 3874 622 3944 quondam
647 3864 799 3944 parricidio
814 3870 1002 3945 professum„
1024 3876 1081 3925 Lis.
1097 3875 1131 3941 9,
1149 3876 1175 3940 1,

193 3964 221 4018 8.
250 3963 351 4037 quodsi
377 3961 448 4017 nihil
476 3953 537 4014 dum
555 3963 713 4030 potentiore
738 3964 805 4016 iuris
821 3959 935 4013 domani
953 3959 1117 4030 relinquitur
1134 3951 1175 4016 s'ie-

196 4052 263 4120 opi,
281 4059 382 4118 cetego
403 4047 441 4100 ad
466 4047 533 4101 deos
552 4043 676 4099 viridiset
701 4033 893 4100 intolerandae
914 4043 1060 4115 superbiae
1078 4032 1178 4116 consa.

197 4137 283 4206 giam.
318 4113 439 4204 Propere.
458 4131 492 4198 1,
509 4129 545 4199 5,
563 4129 590 4185 9.
613 4127 713 4200 quodsi
723 4123 808 4200 s'orte
824 4133 882 4202 tuis
902 4147 958 4185 non
976 4139 1017 4182 est
1035 4134 1179 4186 contraria
1253 4205 1256 4212 Ι
