2760 4748
518 387 522 394 ,
567 330 569 334 ’
601 300 671 365 AN·
767 393 770 403 ¹
1099 319 1163 382 sis

113 455 247 536 diflert,
265 467 350 542 quae¹
372 454 567 540 cuicumque
592 456 736 533 orationi
752 455 914 524 iiiusionis
929 443 981 526 vel
1003 461 1171 530 irrisionis

113 564 228 610 caussa
243 541 400 624 iniicitur.
443 541 530 606 Haec
551 541 639 604 enim
655 563 725 606 non
739 539 978 626 cificitnovum,
996 569 1032 610 ao
1048 551 1162 636 singu.
1236 563 1243 577 ²

109 628 182 694 lare
211 649 313 714 genus
339 626 625 712 interrogationis,
665 629 720 692 sed
755 627 794 690 ad
827 639 932 694 artem
960 630 1162 702 rhetoricam

109 716 268 803 pertinet.
328 713 496 778 Sententia
527 711 760 778 enuntiationis
793 711 829 778 in
859 719 1064 784 contrarium
1102 746 1162 788 ex·
1249 744 1256 758 ·

37 823 40 828 ·
112 801 248 890 cipitur.
341 839 344 846 ·
802 803 844 895 J,
932 879 934 884 ¹
1120 821 1124 828 '

223 919 307 972 Huius
324 920 425 972 ironiae
451 920 597 989 exemplum
619 920 783 969 Hermanuns
802 915 1005 990 deprehendisse
1024 915 1183 980 stbrvtsus‘

183 1015 226 1058 est
248 1007 276 1056 in
300 1009 408 1058 Sueten.
431 1005 520 1057 Oetae.
544 1001 587 1056 54.
615 1005 755 1058 Antistius
778 1004 879 1059 Labeo
899 1019 1013 1061 senatur
1034 1009 1160 1078 lectione,

181 1109 265 1164 quum
279 1093 323 1144 vir
337 1095 428 1144 virum
449 1091 635 1162 legeret,.M·
653 1089 814 1169 Lepidum,
841 1088 948 1144 hostem
967 1093 1038 1147 olim
1056 1101 1162 1152 elusvet

184 1187 251 1228 tune
268 1174 441 1246 exsulantem
460 1175 547 1246 legite
566 1175 803 1245 interrogatusque
822 1168 857 1226 ab
875 1191 926 1238 eo,
945 1193 983 1230 an
1000 1193 1092 1234 essent
1108 1183 1163 1238 alii

158 1265 160 1272 '
183 1261 343 1332 digniores,
367 1277 445 1312 suum
475 1277 607 1332 quemque
629 1257 760 1313 iudicium
781 1254 880 1316 hahere
905 1265 1058 1334 respondit.
1087 1271 1161 1336 qussi

182 1349 313 1414 Augustus
337 1363 395 1396 enm
417 1343 541 1398 irrisione
567 1346 690 1396 dixisset:
723 1344 844 1396 nimirum
867 1346 910 1398 hic
936 1359 977 1400 est
996 1350 1164 1418 dignissimus,

182 1432 229 1500 qai
248 1431 365 1498 legatur:
385 1429 445 1502 gibt
462 1449 491 1483 es
511 1430 584 1483 deun
599 1428 700 1482 coclers
715 1429 893 1500 aettrdigerel
915 1434 992 1495 Quod
1006 1437 1109 1502 quidem
1127 1441 1160 1490 ab

180 1521 300 1583 Angusto
319 1515 372 1568 dici
391 1523 512 1585 potetate
536 1495 677 1574 serianum
697 1511 764 1564 illud
781 1529 835 1564 non
852 1512 971 1578 credam,
990 1519 1039 1570 tali
1058 1520 1160 1576 ironiae

130 1619 135 1627 ·
179 1601 393 1671 pronuntiationi
421 1611 510 1669 aptum
533 1599 626 1650 locum·
646 1611 705 1650 esse*
727 1599 755 1650 in
778 1600 929 1661 narratione
954 1609 982 1654 et
1005 1602 1034 1654 in
1054 1605 1161 1676 obliqua

183 1687 313 1744 orationis
337 1687 431 1736 forma.
471 1686 557 1747 Quare
593 1683 738 1753 Stephanus
771 1687 930 1740 assentiente
954 1678 1076 1742 Eriestio
1106 1712 1161 1746 non

181 1773 251 1824 male
268 1771 375 1840 scripsit
402 1789 439 1822 an
462 1785 527 1822 aon·
561 1765 646 1822 Reirii
670 1771 822 1824 coniectura
848 1789 920 1826 anae
943 1770 1011 1826 nihil
1036 1777 1160 1831 efficitur.
1183 1783 1186 1804 ¹

181 1861 292 1910 Terent.
309 1858 373 1908 ties.
387 1854 422 1924 4,
442 1853 477 1920 4,
493 1851 536 1908 40.
557 1854 663 1908 censer?
679 1865 708 1908 te
725 1873 809 1925 posse
823 1841 942 1926 reperire
957 1856 1047 1912 ellam
1064 1863 1161 1917 mulie.
1256 1897 1264 1909 ,

178 1961 255 2006 rem,
275 1961 345 2014 quae
364 1951 458 1994 careat
477 1939 585 2009 eulpa?
608 1959 645 1992 ure
671 1941 737 2011 quia
762 1957 819 1994 non
836 1940 1003 2011 delinquant
1020 1947 1161 2002 *virtruhi
1222 1950 1225 1956 ’
1306 1931 1313 1948 .

180 2029 317 2079 Donatus:
342 2023 468 2099 εἰρωνείᾳ
485 2025 609 2080 dictnma
628 2037 691 2078 ιιοιιί
702 2028 776 2080 enim
792 2039 849 2078 non
866 2025 1040 2100 delinquunt.
1087 2073 1089 2080 .

200 2147 252 2209 12.
281 2143 410 2208 Accede
428 2141 466 2206 ad
485 2143 565 2208 alios
583 2149 754 2208 oratorum
776 2166 864 2208 usus.
894 2145 951 2209 An
972 2157 1003 2210 et
1020 2171 1067 2210 un
1083 2171 1160 2214 vero

108 2239 274 2318 usurpant
291 2252 387 2316 saepe
401 2229 437 2292 in
455 2252 491 2292 ea
508 2231 676 2310 sententia,
693 2231 727 2294 in
743 2251 816 2315 qua,
837 2247 965 2294 norunt
981 2251 1160 2319 argumen-
1178 2258 1182 2294 i

110 2328 186 2380 tum
203 2314 426 2404 superioribus
442 2312 602 2397 reddituri,
622 2337 641 2378 a
655 2337 691 2378 re
706 2325 793 2378 certa
809 2325 841 2378 et
857 2313 1008 2381 confessa
1026 2318 1066 2382 ad
1085 2342 1160 2387 rem

109 2401 293 2489 respiciunt
318 2395 503 2464 dubiumst
529 2407 700 2484 negatam,
731 2401 787 2464 sed
803 2399 850 2464 illi
876 2398 1036 2487 similem,
1056 2411 1094 2468 ul*
1118 2405 1160 2470 ad

112 2485 398 2573 comprobandam
424 2485 559 2549 alteram
583 2507 623 2572 ex
646 2484 748 2550 altera
771 2483 878 2573 priori
899 2485 956 2551 fiat
979 2487 1158 2556 conclusio.
1190 2524 1222 2552 ,κ

110 2574 229 2659 Logici
259 2579 379 2636 vocant
412 2571 733 2660 argumentationem
759 2594 777 2635 a
806 2573 936 2637 minore
970 2573 1010 2638 ad
1040 2577 1157 2654 maius.

111 2657 280 2724 Eumdem
309 2659 446 2720 sensum
477 2679 540 2722 nos
571 2657 789 2743 exprimimus
821 2657 1008 2722 vernaculis
1033 2663 1158 2727 verbis:

111 2741 199 2808 oder
213 2741 294 2806 aber
314 2739 515 2820 sollte'ienes
537 2753 623 2805 state
640 2737 783 2828 finden,
803 2741 889 2822 ,und
912 2741 1021 2807 dieses
1042 2744 1183 2820 nicletl,

113 2828 342 2915 Requiruntur
356 2825 673 2914 igiturresaequales
689 2826 856 2910 velaeque
872 2828 1056 2914 possibiles,
1075 2853 1160 2918 qua-

110 2936 191 2980 rum
207 2936 250 2990 ne
265 2913 365 2990 altera
382 2912 479 2977 dubia
494 2911 658 2991 videatur,
686 2911 870 2998 quaeritur,
893 2915 1066 2998 quomodo
1085 2916 1159 2984 fieri

110 2999 237 3100 possit,
259 3007 297 3062 ut
316 3021 352 3062 ea
367 3019 436 3062 non
454 2997 603 3074 exsistat,
631 3018 713 3082 quae
732 3017 838 3082 aequo
859 2998 909 3064 vei
930 3001 1056 3064 maiore
1074 3003 1156 3067 adeo

111 3105 185 3152 rure
208 3085 322 3152 locum
345 3092 472 3160 teneat,
498 3091 529 3146 et
554 3081 697 3166 eiusdem
726 3085 767 3146 sit
790 3080 939 3147 rationis.
981 3085 1094 3150 Altera
1119 3097 1161 3153 're

112 3193 267 3236 concessa
277 3169 483 3234 concluditur
494 3167 629 3232 alteram
647 3169 822 3232 secundam
835 3169 931 3232 etiam
950 3190 1060 3234 veram
1079 3195 1159 3238 esse.

109 3260 266 3322 Attamen
283 3254 349 3318 hoc
364 3255 475 3342 ipsum
492 3253 781 3340 nonsignificatur
800 3244 960 3318 vocabulo
979 3279 1042 3338 an,
1066 3259 1159 3344 quod

109 3341 216 3408 modo
231 3341 370 3420 indicat,
392 3337 490 3414 haec,
509 3359 592 3426 quae
609 3338 777 3414 dicuntur,
795 3337 865 3402 aliis
878 3340 1075 3488 lpraemissis
1092 3366 1161 3442 op-

109 3425 210 3516 poni,
238 3427 315 3490 sive
331 3447 373 3490 ex
395 3427 433 3490 iis
459 3435 628 3512 tamquam
652 3424 818 3488 contraria
839 3445 877 3488 co
897 3425 959 3514 igi.
1013 3427 1160 3512 Etenim,

110 3535 183 3578 non
201 3512 312 3599 posito
329 3535 394 3591 cn,
418 3509 507 3576 idem
525 3510 722 3598 exprimitur
741 3508 844 3574 verbo
862 3533 956 3598 ergo.
994 3513 1065 3578 sid.
1090 3514 1160 3580 Cic.

109 3597 429 3677 Tusc.1,14,81.
459 3595 565 3670 Beier.
588 3595 717 3660 adCic.
740 3594 780 3658 de
804 3593 872 3659 Off.
898 3598 1158 3685 1,51.p.245.
1213 3601 1217 3604 ’

110 3681 312 3750 Coniunctio
327 3682 500 3768 utriusque
514 3681 693 3746 sententiae
710 3689 818 3746 autem
838 3703 875 3745 ea
893 3689 957 3760 est,
987 3703 1051 3769 qua
1075 3682 1160 3752 duae
1204 3736 1208 3746 1
1248 3680 1272 3713 ·'

109 3792 165 3836 res
189 3789 320 3834 caussae
341 3766 393 3832 vel
414 3763 549 3842 rationis
576 3785 665 3830 nexu
692 3767 735 3829 ita
758 3763 987 3842 cohaerentes,
1013 3777 1051 3831 ut
1066 3767 1100 3833 in
1117 3793 1159 3836 eo
1194 3759 1198 3786 '

111 3851 322 3942 explicando
336 3851 482 3917 adhiberi
506 3851 613 3938 possit
636 3872 734 3938 quum
757 3850 808 3915 vel
832 3851 882 3938 si,
908 3873 1013 3938 aequo
1027 3853 1104 3920 loco
1119 3863 1158 3920 'et

110 3943 145 4006 ἐκ
167 3934 356 4022 παραλλήλου
378 3944 645 4024 componuntur:
681 3933 721 4000 de
746 3957 831 4022 quo,
855 3945 894 4000 ut
920 3958 1027 4020 nunc,
1054 3959 1158 4026 quum

110 4026 194 4090 haee
209 4024 333 4109 scripta
348 4045 422 4088 mea
444 4019 659 4111 typographo
674 4021 789 4098 trade,
813 4019 928 4102 video,
964 4025 1171 4112 nuperrime,

110 4105 279 4184 Wolfium
293 4123 450 4196 sequutus
467 4105 629 4174 subtiliter
644 4107 794 4174 disseruit
809 4105 1010 4194 Madvigius,
1033 4107 1158 4174 Emen-
1178 4188 1180 4194 .
