2760 4748
234 341 298 410 884
553 345 556 350 “
689 332 820 404 ΔΝΤΕ.

232 497 408 579 antequam
425 493 523 578 ponci
538 485 606 556 dies
622 488 722 579 elapsi
739 493 843 558 erunt.
886 487 1039 554 Ernestio
1054 494 1169 553 nutem
1181 501 1282 575 port·
1346 499 1347 506 ’

233 601 337 668 quam
355 595 537 665 proquam
554 578 701 666 positum
724 601 793 644 esse
811 573 1001 646 videbatur,
1031 585 1070 637 ut
1089 597 1209 640 sensus
1232 597 1284 638 es-

234 673 300 730 set:
324 684 445 752 paucos
463 663 532 727 dies
550 669 625 727 unte
645 683 745 748 quem
765 663 864 752 legati
885 659 1026 750 regressi
1051 659 1285 748 praeciderunt

233 771 340 838 epeme
389 747 552 814 Neutrum
586 769 661 816 com
690 751 802 816 robori
835 757 958 836 potest.
1011 741 1046 808 si
1075 747 1206 832 integre
1237 756 1285 810 est
1347 763 1348 778 ³

234 831 415 922 scripture,
438 833 535 898 verbo
551 831 596 898 ita
613 772 808 900 coicerent:
828 833 942 922 paucis
956 838 1033 896 oute
1049 829 1166 900 diebus
1182 850 1284 917 quem

235 919 353 986 consul
369 939 445 984 eum
459 917 614 984 omnihus
640 921 742 1008 copiis
760 924 963 986 transvectus
986 915 1027 980 ud
1044 915 1284 1002 Nymphaeum

235 1012 340 1072 oestro
353 1005 535 1093 posuisset,
554 1003 707 1085 Perseus,
725 1015 904 1094 postquam
920 1001 952 1067 le
975 1000 1030 1080 eti,
1045 997 1085 1066 ab
1102 998 1218 1066 Roma
1231 1025 1285 1066 re·

234 1091 356 1177 gressi,
377 1113 470 1178 spem
495 1085 582 1177 pecie
600 1092 842 1181 praeciderent,
873 1109 954 1156 cons
982 1088 1050 1152 'um
1070 1084 1201 1152 habuit.
1232 1085 1284 1150 'In

234 1177 339 1244 altero
354 1175 511 1255 locoetl,
535 1179 595 1254 16,
618 1179 650 1238 8.
674 1175 715 1240 de
739 1175 868 1242 Mutina
889 1173 990 1254 urbe,
1022 1184 1103 1236 ante
1118 1171 1284 1254 triduum,

233 1282 338 1360 prgam
354 1278 557 1358 oppugnare
574 1271 753 1344 coeperet,
781 1271 955 1350 receptam
969 1281 1010 1324 ex
1023 1255 1175 1322 lwrtihus
1190 1258 1283 1322 colo-

125 1411 129 1418 ,
234 1369 290 1412 mc
320 1351 482 1410 restituat.
512 1343 701 1410 Perizonius
733 1337 852 1433 eliique
886 1345 1056 1430 corrigunt
1089 1340 1188 1408 intra
1217 1344 1282 1407 tri·
1307 1373 1309 1378 ·
1348 1401 1349 1404 ,

235 1431 351 1498 &une
379 1425 554 1496 Douictius
571 1430 731 1517 explicate
748 1443 824 1496 unte
841 1432 975 1496 tertium
993 1429 1093 1509 dicim
1101 1435 1281 1515 postquem

154 1581 157 1591 ,
235 1535 430 1604 oppugnare
454 1522 624 1603 coeperet,
652 1512 675 1580 i.
704 1539 732 1582 e.
756 1535 828 1582 non
856 1524 1007 1582 totorum
1029 1516 1132 1580 trium
1152 1515 1281 1580 dierum
1349 1537 1350 1560 1

235 1601 495 1690 oppugnatione.
539 1598 640 1680 Quod
662 1599 875 1666 etiamsinon
898 1599 960 1666 alia
980 1599 1097 1666 hubent
1120 1599 1279 1688 exemplu,

234 1696 347 1754 tumen
362 1705 479 1754 verum
491 1697 595 1774 puto,
608 1696 651 1751 ‘et
665 1685 707 1752 ed
725 1685 810 1754 Livii
824 1682 1059 1774 negligentium
1074 1680 1200 1750 refero.

317 1861 370 1926 21.
401 1853 503 1937 Quod
520 1863 596 1922 unte
617 1853 751 1943 aliquod
766 1868 899 1945 tempus
920 1859 1048 1924 fectum
1063 1881 1132 1923 esse
1149 1857 1278 1940 dicitur,

234 1953 362 2036 potest,
385 1943 413 2006 si
425 1964 480 2006 res
495 1951 718 2029 antegressum
731 1951 864 2030 tempus
881 1963 939 2009 sue
955 1943 1211 2010 continuatione
1223 1967 1279 2010 ex·
1350 2001 1351 2016 ,

235 2031 325 2120 plet,
348 2037 436 2094 recte
454 2029 553 2094 etiam
569 2028 651 2108 dici,
672 2046 776 2114 usque
791 2025 831 2093 ad
847 2029 980 2116 aliquod
1004 2038 1136 2116 tempus
1156 2029 1279 2095 lectrum
1350 2033 1351 2036 ’

161 2189 165 2196 ,
235 2138 316 2184 esse.
369 2115 481 2194 Quare
506 2113 628 2178 Heusin
654 2134 726 2178 erus
749 2115 784 2180 iu
807 2115 978 2189 Observot.
1001 2138 1036 2201 p.
1061 2121 1138 2180 221.
1164 2115 1279 2204 aliique

235 2203 420 2267 docuerunt
436 2208 518 2263 cente
537 2197 563 2262 si
611 2137 834 2288 idoneusque
850 2199 910 2266 ccl.
953 2200 1235 2266 Cornel..Aristid.
1250 2207 1280 2280 2,

183 2303 192 2322 ‘
234 2295 267 2354 2.
290 2307 434 2373 namque
448 2285 560 2350 antei
600 2294 731 2373 tempus
748 2298 782 2352 et
797 2285 890 2350 mari
904 2295 937 2350 et
953 2294 1048 2352 terro
1065 2285 1167 2350 duces
1184 2298 1280 2352 crant

168 2383 171 2390 '
234 2369 519 2440 Lacedaemonii·
562 2358 713 2436 l'imolh.
730 2377 761 2443 2,
786 2378 826 2436 3..
840 2372 897 2459 qui
911 2369 1109 2436 honos¹lmic
1124 2371 1188 2438 uni
1203 2383 1278 2438 ente
1351 2437 1352 2448 ¹

235 2455 275 2522 id
291 2455 422 2630 terppue
437 2453 596 2550 contigit.
642 2457 733 2520 Curt.
748 2459 787 2538 5,
808 2462 847 2534 3,
869 2463 923 2520 22.
945 2453 1089 2520 invictus
1109 2469 1193 2522 ante
1207 2479 1279 2524 cam
1351 2455 1352 2462 '

84 2543 107 2558 ''
167 2565 172 2582 1
236 2540 328 2606 clicm
358 2549 468 2604 uerat.
490 2536 545 2601 ubi
565 2537 637 2606 cod.
653 2539 764 2604 Pelet..
780 2539 899 2640 otiique
925 2539 974 2614 ad
998 2563 1077 2606 eom
1097 2539 1201 2610 dieue,
1243 2544 1279 2605 At

236 2620 324 2694 uliud
343 2633 392 2692 est
407 2635 508 2688 urrant
521 2621 663 2710 aliquam
677 2645 749 2690 rem
767 2623 888 2712 duplici
904 2626 1008 2690 modo
1025 2624 1180 2714 exprimi,
1199 2625 1280 2692 uliud
1351 2637 1352 2660 ³

235 2713 324 2780 idem
348 2707 523 2799 eignilicori
545 2707 672 2776 duobus
703 2709 882 2776 vocabulis.
939 2712 1032 2776 Ante
1064 2712 1154 2776 enim
1185 2733 1280 2778 num·

189 2812 195 2834 ⁸
237 2819 337 2884 quem
353 2789 514 2882 siguificat
533 2794 593 2860 ad.
636 2797 790 2862 Ceterum
815 2795 847 2860 in
868 2797 945 2864 loeo
972 2797 1104 2862 Cornel.
1131 2794 1278 2877 Timoth.

236 2889 278 2964 2,
298 2888 330 2946 3.
351 2879 502 2945 Bremius
527 2877 651 2948 suntne
670 2882 827 2969 quaesivit
843 2881 884 2946 de
899 2881 1086 2948 discrimine
1104 2883 1278 2948 verborum

237 2975 319 3048 onte
332 2965 371 3034 id
388 2977 519 3052 tempus
536 2975 567 3031 et
583 2977 663 3034 ante
677 2971 740 3032 lroc
754 2980 904 3056 tempus,
935 2969 1128 3054 negavitque
1145 2965 1213 3034 hoo
1229 2971 1277 3034 iu·

235 3053 340 3141 telligi
353 3073 451 3141 posse
466 3051 507 3115 de
522 3049 694 3119 Timothei
708 3062 880 3139 tempore:
913 3070 991 3116 nom
1014 3062 1069 3116 out
1094 3052 1278 3142 intelligen-

237 3139 316 3206 dum
334 3161 402 3204 esse
419 3135 567 3202 Cornelii
582 3147 734 3224 tempus,
766 3146 821 3202 cut
837 3137 1048 3202 scribendum
1065 3137 1114 3202 ad
1134 3137 1173 3205 id
1194 3152 1277 3206 tcm-

233 3246 317 3334 pue‚
345 3245 387 3286 ne
413 3221 552 3286 absurde
577 3220 755 3288 diceretur:
790 3221 898 3288 honos
923 3223 980 3288 uui
1002 3221 1185 3288 Timotheo
1208 3231 1277 3290 oute

241 3307 454 3373 simotheum
470 3305 560 3368 conti
585 3307 617 3370 it.
639 3303 730 3372 Nihil
745 3305 866 3390 relert,
882 3317 995 3372 utrum
1013 3309 1135 3372 scribes
1155 3309 1205 3373 ad
1219 3311 1277 3374 lucc

236 3403 385 3477 tempus,
408 3411 450 3453 en
467 3388 547 3454 cdi
589 3401 739 3478 tempus,
758 3393 834 3474 sed,
852 3395 878 3458 si
899 3394 1025 3480 integra
1042 3404 1091 3456 est
1107 3395 1276 3481 scripturo,

238 3478 408 3565 ambiguus
425 3471 479 3538 ille
495 3475 634 3542 vitorum
660 3487 775 3542 auctor
790 3477 970 3542 somnulom
988 3478 1172 3542 solemnem
1197 3480 1277 3543 mole

190 3591 194 3596 ’
238 3560 639 3627 accommodavitnomini
655 3561 865 3643 affirmativo,
881 3561 934 3626 ubi
949 3558 1123 3627 dicendum
1135 3573 1203 3628 erut
1219 3587 1276 3628 nc·

171 3670 174 3679 ¹
237 3648 325 3712 mini
340 3658 420 3712 ante
441 3646 503 3708 lroc
519 3657 660 3730 tempus.
703 3644 840 3734 Egregie
861 3646 1063 3734 Stephanum
1097 3647 1276 3736 quinarios

236 3732 314 3798 huic
330 3731 390 3797 uni
399 3781 409 3813 ,
431 3731 586 3828 antehoc
601 3741 732 3817 tempus
749 3729 879 3798 nemini
893 3733 1049 3820 contigit.

291 3917 294 3930 2
351 3872 423 3936 G'urt.
445 3851 493 3946 16,
519 3882 551 3949 8,
576 3883 619 3938 21.
636 3887 776 3957 ingentem
796 3879 874 3958 spem
892 3885 1015 3952 indolis,
1041 3895 1108 3939 ente
1128 3903 1190 3945 cem
1208 3881 1276 3940 dieue

298 3960 409 4039 fratris
431 3968 559 4028 claritate
576 3988 769 4042 suppressam,
794 3993 828 4028 ea
854 3971 997 4026 moderata
1021 3970 1157 4026 excitavit
1177 3974 1276 4026 cretio.

245 4109 249 4122 ,
305 4054 351 4106 elii
372 4051 433 4107 libri
452 4072 634 4126 suppresscer
651 4055 722 4128 quod
740 4067 874 4128 proestare
888 4055 1023 4112 videbatur
1032 4057 1162 4128 Acidalio,
1169 4059 1285 4132 Freins-=

180 4134 185 4142 '
244 4198 248 4207 ¹
304 4137 408 4206 nenio,
428 4139 502 4207 eliis,
519 4139 659 4197 noomihi·
974 4133 976 4140 ¹
