2662 4744
215 335 289 402 ,aaa
594 432 597 438 ,
678 299 861 428 avus.

212 481 965 574 ,rumentinamposssautobtiirereconcsdita
992 483 1049 551 illa
1061 507 1161 570 rem,
1179 487 1285 574 qualis

223 577 295 727 {Eua
309 578 368 657 sit,
397 571 575 672 significat,
607 569 686 636 haec
704 571 808 658 qualis
822 593 874 636 res
892 569 976 637 'esses
989 574 1115 659 possit.
1176 577 1285 660 Atque

261 683 315 726 am
337 661 444 726 Latent
466 667 659 745 exprimunt
688 679 750 744 per
774 656 970 744 particulam
987 663 1076 732 dut,
1109 657 1207 723 hanc
1228 682 1285 746 per

224 747 294 814 rel.¹
334 746 419 810 Nam
436 765 500 831 -per
521 755 584 808 urat
605 752 752 808 mutatur
779 742 958 808 attollitur
979 764 1059 822 res„
1078 765 1173 828 quae
1194 745 1283 810 'dicta

224 827 312 912 erat,
333 831 458 916 aliaque
472 828 694 906 substituitur,
718 847 777 914 per
800 827 852 892 rel
872 837 1018 892 mutatur
1034 831 1232 913 cogitatio,
1254 841 1283 894 et

224 917 313 982 aliud
336 916 549 986 substituitur.
568 914 783 1001 cogitationes
819 911 855 976 id
882 913 972 1000 quod
1003 916 1173 980 convenit
1209 939 1282 980 cum

224 1002 352 1089 origine
366 1001 456 1069 verbi
470 1000 536 1066 vel.
579 1001 693 1080 Quum
709 1000 825 1064 Cicero
843 998 923 1064 dicit
939 997 980 1062 de
997 998 1094 1062 Orat.
1110 1006 1158 1076 2,
1188 1007 1231 1082 2,
1254 1005 1283 1066 5.

145 1155 149 1167 ,
223 1089 341 1157 omniu
355 1123 398 1138 ·-
415 1083 588 1164 teneurunt
603 1085 636 1149 ei
649 1084 814 1164 dicende,
840 1085 899 1170 qai
914 1083 977 1148 laec
994 1106 1152 1170 esposse
1164 1084 1281 1174 profi-

222 1168 331 1255 tetur,
355 1183 415 1238 aut
431 1171 640 1258 eloquentiae
663 1191 786 1234 uomere
808 1168 1066 1256 relinquendum
1093 1183 1162 1236 est.
1195 1174 1278 1238 indi-

131 1299 142 1308 ·
214 1249 305 1338 cat,
316 1280 353 1324 re
372 1279 444 1327 vera
460 1256 540 1320 haec
557 1277 626 1320 esse
642 1255 816 1334 contraria,
837 1270 905 1318 non
922 1257 1280 1342 tantumeogitatioue

222 1344 397 1409 disiuncta:
422 1341 479 1407 sed
496 1362 600 1428 quum
614 1340 757 1404 Tacitus'
772 1340 886 1404 Germ.
902 1345 933 1404 5.
948 1362 1035 1438 quae
1055 1365 1170 1428 neque
1195 1367 1278 1408 cou-
1324 1315 1326 1404 i

212 1425 362 1518 firmare
379 1427 609 1514 argumentis,
638 1447 742 1513 neque
761 1421 915 1512 refellere
940 1449 978 1490 en
1001 1427 1120 1496 animo
1140 1441 1217 1492 est.-
1238 1451 1277 1493 ex

180 1544 188 1570 κ
220 1515 362 1602 ingenio
376 1537 435 1578 suo
451 1514 585 1601 quiaque
601 1511 718 1577 demut
734 1510 785 1576 rel
794 1507 1039 1597 eddutfidem.
1056 1513 1276 1602 distinguun-

220 1611 277 1666 tur
291 1599 424 1687 quidem
448 1599 504 1690 illa
527 1598 691 1662 contraria
707 1595 840 1660 demere
856 1605 888 1660 et
903 1594 1050 1678 addere,
1072 1598 1131 1662 sed
1147 1600 1186 1663 iu
1202 1601 1274 1686 ipsa

219 1697 381 1753 retamen
403 1685 621 1765 conveniunt,
644 1705 686 1748 ne
712 1703 753 1748 ue
775 1702 848 1746 rem
872 1680 1153 1768 ipsammutant=
1180 1686 1273 1772 qussi

221 1782 338 1838 auctor
354 1770 455 1834 dicate
481 1780 513 1834 et
528 1705 737 1856 quum'addis
754 1776 786 1832 et
802 1787 906 1853 quum
921 1766 1023 1831 demis
1039 1762 1162 1846 fidem,
1188 1793 1273 1860 quae

220 1856 385 1924 coenaria
409 1864 503 1930 sunt,
532 1875 601 1918 non
623 1852 825 1940 repugnabo.
876 1851 945 1916 Cic.
969 1852 1009 1916 de
1035 1854 1112 1922 Seu.
1130 1860 1195 1937 16,
1217 1860 1270 1922 57.

218 1931 279 2006 idai
292 1941 383 2006 euim
421 1948 506 2004 otest
528 1937 592 2004 itta
610 1951 707 2004 aelne
724 1945 784 2002 asel
799 1936 965 2002 calescere
982 1934 1034 2003 vel
1047 1936 1270 2026 dpricatiorse

200 2043 202 2050 '
218 2026 340 2093 melius
357 1962 419 2091 rel
419 2025 507 2112 igni,
522 2036 584 2089 erit
595 2025 741 2102 vicissim
755 2021 883 2087 umbris
904 2024 1039 2112 aqiaisre
1053 2022 1270 2113 refrigerari
1325 2039 1326 2094 i

217 2106 414 2178 salubrius?
432 2111 531 2176 Calor
547 2121 580 2176 et
593 2108 698 2197 frigus
715 2119 930 2197 opponuntur
951 2130 1009 2174 sua
1030 2122 1170 2192 natura,
1202 2114 1268 2176 sice

157 2215 172 2251 s
216 2199 312 2264 illum
329 2193 511 2284 cogitemus
528 2206 641 2263 ortum
663 2219 731 2262 csse
752 2195 968 2284 apricatione,
990 2196 1057 2262 sive
1079 2197 1170 2284 igne.
1216 2199 1268 2262 Sic
1325 2229 1326 2280 i

151 2290 156 2306 ²
218 2283 420 2352 Goerenz'ius
443 2283 532 2350 bona
555 2284 747 2348 auctoritate
763 2281 907 2348 correxit
931 2281 1030 2347 verba
1049 2283 1116 2348 Cic.
1137 2283 1182 2347 de
1197 2283 1267 2348 Fin.
1325 2281 1326 2335 i

215 2368 338 2450 2,'10‚
359 2363 411 2434 30'.
431 2369 487 2432 itio
506 2363 537 2433 ei
557 2365 700 2456 definire
722 2369 774 2434 vel
797 2361 948 2434 dividere
971 2363 1163 2432 didicisset.
1188 2379 1222 2446 et
1239 2372 1266 2434 si

217 2453 363 2519 definitio
387 2457 419 2516 et
441 2453 556 2518 divisio
573 2477 691 2540 genere
714 2468 745 2520 et
766 2475 803 2518 re
828 2452 1003 2531 differunt,
1030 2455 1092 2518 nec
1117 2475 1265 2519 concur-

168 2583 174 2600 ,
214 2547 313 2620 runt,
334 2537 510 2602 dicendum
532 2550 580 2602 est
599 2536 847 2603 oet-dicidere:
871 2548 904 2602 at
924 2549 1054 2624 poterat
1076 2540 1179 2606 etiam
1203 2541 1265 2606 dici
1324 2609 1325 2616 ρ

216 2620 361 2713 definire
375 2623 428 2690 vel
442 2623 609 2702 dividere,
632 2645 737 2708 quum
752 2625 867 2688 Cicero
884 2624 1020 2710 quidem
1034 2620 1265 2690 definitionem
1324 2625 1325 2646 ³

147 2764 149 2768 .
212 2734 237 2777 a
253 2711 420 2776 divisione*
437 2710 480 2774 ita
505 2709 701 2797 distinguere
719 2708 921 2788 soleret‚-ut.
938 2710 1034 2774 unius
1060 2713 1192 2798 generis
1215 2735 1264 2776 es-

215 2806 304 2876 sent,
318 2796 385 2859 ,seri
401 2794 516 2862 divisio
542 2797 707 2860 minorem
733 2792 932 2868 definitionis
958 2805 1085 2882 partem
1112 2799 1265 2863 contine·

212 2879 275 2948 ret
294 2880 363 2945 ¹eid.
379 2879 496 2966 Topic.
511 2887 564 2958 22,
574 2939 576 2944 .
587 2885 639 2947 83.
662 2879 807 2948 Pertinet
821 2879 1018 2966 igtushaee
1033 2871 1204 2956 distinctio
1222 2885 1264 2956 ad

213 2965 449 3053 cogitationem
473 2977 625 3036 tanturn,
665 2967 780 3047 Quum
804 2985 881 3032 vero
903 2987 968 3030 uua
993 2968 1088 3051 notio
1121 2991 1184 3055 per
1215 2969 1266 3034 ael

213 3052 352 3118 discindi
371 3053 481 3138 possit*
497 3053 533 3117 in
553 3074 627 3118 suas
651 3063 779 3140 partes,
802 3061 998 3138 usurpatur,
1023 3053 1115 3138 quod
1136 3055 1265 3140 antiqui
1323 3111 1324 3136 ,

212 3149 361 3204 auctores
395 3137 623 3215 ¹tradiderunt,
662 3139 857 3223 plerumque
893 3139 930 3200 in
966 3137 1263 3205 subdisiunctione.

211 3224 341 3309 leian.
355 3223 483 3308 Fragm.
498 3226 537 3302 8,
550 3229 593 3286 Ι2.
617 3221 685 3286 udo
711 3223 759 3286 tio
768 3220 819 3309 fit
836 3233 897 3287 aut
911 3244 978 3321 per
989 3226 1175 3312 populum,
1199 3237 1264 3291 aiat

204 3329 273 3395 per
280 3317 481 3394 praetorem
495 3306 546 3371 rel
554 3307 673 3394 pressi
699 3309 973 3398 eniproaincsuea
1055 3356 1057 3363 .

250 3405 252 3412 '
314 3407 354 3460 Ex
371 3407 412 3458 his
432 3418 525 3478 sponte
542 3399 717 3477 intelligitur]
735 3424 786 3479 que
802 3409 880 3462 modo
898 3403 1123 3479 haec'vecabala,
1140 3427 1262 3466 comma-
1307 3443 1310 3452 Δ

278 3502 336 3545 tata
350 3477 473 3559 rancus,
488 3483 546 3562 ifisa
563 3495 715 3558 commutari
732 3496 851 3563 possint,
865 3495 925 3546 dum
943 3509 1010 3564 quae
1028 3497 1180 3562 cogitantur
1198 3508 1263 3550 tau-

279 3588 335 3644 tam
351 3594 400 3648 pro
420 3565 545 3642 serua,
565 3589 593 3630 et
613 3580 670 3632 vice
692 3598 768 3632 versa
792 3599 848 3632 rem
867 3598 915 3650 pro
943 3581 1103 3648 cogitatione
1129 3582 1264 3650 ponimus.

173 3679 175 3684 ’
279 3661 375 3714 Caesar
399 3663 430 3713 si.
446 3663 475 3714 in
499 3663 584 3714 verbis
607 3680 687 3732 supra
712 3665 799 3718 allatis
826 3660 974 3734 scripsisset
998 3677 1050 3720 aut
1077 3681 1264 3736 persuasurus

277 3754 330 3798 aat
347 3749 377 3799 oi
393 3757 546 3811 coacturos,
563 3747 668 3819 modum
686 3749 881 3802 alterumutruru
896 3751 1075 3820 appariturum
1095 3767 1153 3801 esse
1170 3749 1262 3802 dixis-

279 3829 407 3894 set:.sed
426 3833 520 3899 positis
539 3832 587 3888 vel
603 3860 637 3875 -
654 3833 717 3900 ael,
744 3847 823 3888 unum
838 3835 919 3900 illud,
944 3854 995 3905 quo
1021 3835 1137 3887 diversus
1164 3836 1262 3888 modus

277 3907 379 3974 eoiret,
400 3909 591 3983 consideravit,
609 3920 686 3986 etde
707 3939 755 3985 re,
772 3939 837 3990 quae
858 3921 960 3974 diverso
980 3919 1060 3972 modo
1081 3918 1139 3970 fieri
1155 3933 1262 3987 posset,

277 3998 400 4070 loquutus
422 4010 470 4052 est.
504 4007 542 4054 Ac
558 4011 648 4072 potest
666 4025 717 4060 una
732 4007 862 4068 sententia
887 4005 1118 4074 atraqneratione
1135 4007 1261 4073 exprimi,

278 4085 359 4154 ueluti
376 4085 463 4138 Plane.
478 4085 525 4156 Ep·
544 4087 578 4140 ad
595 4090 649 4142 Cic.
667 4092 718 4157 10,
735 4089 768 4156 4',
786 4089 812 4144 3.
829 4093 859 4145 in
878 4107 931 4162 qao
949 4089 1059 4156 (officio)
1082 4087 1186 4143 theudo
1209 4089 1261 4142 lsa-

212 4237 215 4246 ,
279 4165 329 4258 beo
350 4163 462 4242 amaras
478 4171 631 4254 plurimas,
649 4175 848 4248 adpetamus
870 4173 1093 4242 necessitudinis,
1111 4173 1159 4232 vel
1177 4193 1260 4232 meae
