2752 4748
575 157 580 194 ἱ
1120 128 1132 156 Β

499 306 543 384 A,
575 304 656 386 uo,
700 303 790 368 aus.
960 361 987 388 „
1066 309 1135 370 -oi

167 455 225 507 Vid.
255 457 316 508 out.
347 458 461 510 insulani
493 459 568 528 Sylva
596 457 704 514 Observ.
728 477 753 526 p.
770 457 813 513 80.
839 438 1018 510 Muneiorad
1042 461 1137 529 Hygia.

164 562 189 610 p.
206 539 266 595 267.
303 544 426 612 Cypriau.
447 545 529 612 Epist.
546 541 597 606 63,
622 543 649 594 9.
673 541 709 593 ab
732 544 854 598 invicem.
879 545 1033 614 hieronym.
1053 546 1137 613 Epist.

165 626 205 678 18.
230 627 332 694 Apulei.
355 629 387 678 de
409 629 490 678 Herb.
517 627 577 680 112.
601 627 705 679 sentina
732 625 839 680 obtecta
859 625 946 697 foliis
967 627 1003 682 ab
1024 630 1148 682 invicem‘
1176 677 1178 684 .

167 713 362 764 discernuntur.
389 716 443 764 Nos
471 731 526 764 oon
549 711 681 763 einander
706 712 920 770 untersriieideu.
954 711 1013 767 Vid.
1032 717 1136 767 Cellerii
1199 745 1201 751 ι

163 799 279 851 Antibar.
299 818 323 866 p.
341 797 402 849 209.
422 795 502 864 (244.)
531 799 591 848 Cur.
607 806 675 862 post.
690 814 716 862 p.
733 794 793 848 290.
812 795 892 863 (324.)
921 800 1060 850 Noltenius
1077 800 1135 852 ori-

163 883 249 948 ginem
275 884 398 933 dictionis
413 885 491 951 rapud
519 884 653 944 Hebraeos
684 881 781 930 frustra
799 883 914 949 quaerit:
938 901 997 932 nam
1017 885 1049 932 «in
1069 903 1133 952 qus-

161 983 261 1034 cunque
303 968 391 1034 lingua
427 969 492 1020 teliu
527 969 667 1034 gignuntur
701 965 918 1016 substantivorum
948 969 1136 1034 multiplicandi

35 1036 36 1102 1
127 1113 129 1117 ι
162 1053 257 1126 studio.
344 1044 349 1055 s

35 1111 37 1208 i
103 1175 109 1182 ·
177 1159 207 1217 8.
248 1151 541 1231 Quemadmodum
563 1152 645 1216 aliae
667 1152 946 1238 praepositiones,
977 1155 1133 1218 itaetiam

35 1253 36 1270 ²
103 1257 139 1302 iu
165 1260 241 1301 cum
266 1259 327 1300 suo
352 1237 489 1320 nomipe
507 1259 577 1300 non
596 1238 704 1301 solum
724 1260 742 1301 e
762 1237 865 1300 verbis
880 1248 913 1301 et
928 1261 970 1302 ex
984 1241 1133 1303 nomini-

35 1323 36 1326 ’
104 1323 155 1386 bus
176 1324 338 1410 pendere,
371 1323 428 1385 sed
461 1323 559 1386 etiam
593 1321 632 1386 ab
658 1322 817 1386 adverbiis
841 1323 929 1410 regi,
965 1324 998 1387 id
1021 1327 1132 1412 paucis
1176 1338 1180 1356 ‘
1221 1330 1224 1338 ’

102 1410 252 1496 exemplis
273 1418 405 1470 notasse
419 1406 555 1492 sufficit.
870 1405 872 1412 ’

192 1529 281 1580 Livius
300 1526 353 1590 40,
374 1527 424 1590 47,
441 1532 467 1578 4.
493 1530 518 1580 si
536 1547 590 1580 uon
609 1529 820 1600 impetrassent,
847 1539 905 1581 tum
923 1532 1075 1599 separatim
1095 1531 1136 1584 ab

158 1613 214 1668 iliis
243 1632 272 1666 se
298 1609 480 1666 consirlturcs.
509 1614 582 1662 Curt.
600 1611 632 1676 7,
649 1613 681 1675 2,
702 1611 744 1664 37.
766 1609 840 1664 ¹inme
858 1612 1132 1669 seorsomcoiiortcm

158 1697 180 1752 α’
193 1697 289 1753 ceteris
308 1698 418 1752 tendere
437 1699 607 1770 ignominiae
626 1717 722 1750 caussa
740 1694 823 1752 iubet.

170 1814 201 1874 4.
245 1807 369 1887 Critici,
401 1808 457 1892 qui
480 1809 518 1872 iu
552 1807 722 1871 nonnullis
742 1809 825 1888 locis
847 1810 1129 1897 praepositionem

98 1897 264 1975 abundare,
290 1903 387 1978 atque
406 1891 486 1956 adeo
505 1892 718 1974 obiiciendum
735 1917 803 1958 esse
821 1893 1070 1978 existimarunt,
1094 1899 1129 1962 in

96 1983 156 2046 aliis
179 2004 253 2045 eam·
277 2003 294 2042 a
320 1979 533 2065 scriptoribus
560 1975 732 2062 omissam,
774 1991 828 2042 aut
853 2003 871 2043 a
893 1980 1037 2045 iibrariis
1064 1981 1129 2046 ob·

97 2064 396 2148 litteratamdeuuc
428 2065 664 2128 restituendam
692 2087 758 2128 esse
783 2065 1013 2128 decreverunt:
1047 2089 1128 2152 quaa

97 2164 196 2216 tamen
228 2149 447 2238 explicatione
478 2149 581 2236 magis
622 2151 776 2235 expedire
813 2160 845 2213 et
873 2150 1038 2215 vindicare
1070 2153 1128 2217 dc-

96 2238 214 2304 bebant.
578 2244 581 2252 ’

184 2357 274 2409 Livius
289 2337 322 2418 2¹,
342 2352 437 2416 1342
463 2337 534 2404 adeo
561 2363 685 2406 moverat
713 2371 775 2412 eunt
802 2362 829 2404 ct
846 2352 930 2422 primi
949 2351 1065 2422 periculi
1084 2376 1127 2409 ca·
1174 2397 1181 2408 .
1214 2369 1216 2377 ’

155 2461 214 2504 sus,
241 2458 295 2513 quo
324 2425 397 2493 nihii
424 2457 454 2491 se
475 2449 586 2509 praeter
610 2457 727 2492 errorem
755 2435 932 2490 insidiatoris
947 2438 1075 2507 texisset,
1100 2453 1127 2494 et

154 2525 301 2582 subeunda·
323 2524 467 2578 dimicatio
497 2527 581 2578 toties
599 2534 649 2574 etc.
674 2525 712 2574 ibi
736 2541 790 2596 quo
815 2539 870 2574 nou
896 2533 936 2574 est
961 2543 979 2574 a
997 2543 1059 2596 quo,
1080 2528 1127 2577 sed

153 2609 235 2685 911011,
265 2609 374 2682 quoad,
396 2605 623 2678 inwieferu,pro
645 2628 728 2681 quum
744 2608 874 2677 positum,
901 2609 952 2658 nisi
967 2609 1018 2659 hoc
1043 2609 1125 2677 ipsum

153 2717 232 2770 quum
249 2685 447 2758 ¹restituendum
472 2704 520 2744 est.
548 2696 648 2752 „Sensus
675 2704 715 2744 est
735 2695 803 2744 enim
826 2685 978 2752 v¹erbnrumx
1003 2711 1080 2760 quum
1098 2713 1125 2746 se

153 2785 220 2834 nullu
247 2799 277 2832 re
302 2781 427 2839 texisset,
457 2788 638 2846 praeterquam
661 2776 732 2844 quod
756 2777 896 2830 insidiator
915 2779 1016 2830 Mucius
1034 2796 1124 2831 errore

152 2871 274 2937 deceptus
291 2867 376 2922 iesset.
403 2862 491 2914 Livius
509 2859 562 2924 23,
578 2858 613 2922 6,
632 2858 655 2910 1.
676 2857 870 2936 incuratione
889 2861 1012 2915 consulis
1031 2863 1124 2916 dimis-

154 2959 190 3013 εἰς
210 2979 244 3016 ··.·
267 2949 378 3020 legatis.
411 2947 494 2998 Erant
512 2945 556 3014 qui
574 2943 671 3012 corrigi
696 2943 833 2996 iuberent:
855 2943 890 2997 ab
911 2938 962 2998 irac
981 2951 1124 3001 oratione:

151 3055 295 3108 perperam,
312 3032 464 3102 quamquam
478 3032 517 3081 ita
535 3028 626 3102 Livius
645 3029 760 3080 scribere
775 3029 913 3098 potuisset.
946 3031 1123 3082 Dimittebeu-

151 3135 190 3174 tur
214 3122 284 3174 enim
308 3117 390 3184 legati
417 3093 474 3183 ipsa
499 3114 618 3165 oratioue
643 3111 741 3164 hahita.
776 3108 848 3168 Plin.
865 3109 934 3166 Hist.
957 3125 1011 3166 net
1028 3115 1060 3178 7,
1080 3113 1123 3179 54,

150 3205 190 3258 55.
216 3209 287 3260 sicut
315 3201 343 3254 in
374 3199 503 3255 Cornelia
529 3216 607 3252 nerito
642 3209 707 3251 ante
736 3198 850 3272 Syllam
884 3200 1046 3254 dictatorem
1069 3215 1123 3254 tra-

150 3277 223 3346 ditur
241 3298 393 3344 crematus:
418 3281 500 3358 idque
525 3301 586 3336 aum
606 3282 746 3347 votuisse,
763 3293 880 3341 veritum
898 3283 1046 3348 talionem,
1075 3285 1122 3339 olr-
1168 3277 1171 3282 ¹

150 3387 208 3428 ruto
233 3374 262 3428 C·
285 3373 378 3426 Marii
401 3371 543 3423 cadavere.
567 3370 608 3419 Ite
633 3365 753 3420 codices:
773 3389 853 3439 quare
867 3371 1014 3422 Harduinus
1029 3373 1121 3423 conie-
1166 3369 1181 3436 'k

150 3461 185 3512 cit
202 3457 239 3512 ab
260 3468 354 3522 cruta,
379 3455 451 3528 quod
476 3463 546 3506 esset
569 3463 615 3504 aut
635 3471 651 3503 a
671 3464 747 3522 parte
761 3455 895 3524 cadaveris
911 3454 1060 3520 excitatum,
1078 3466 1122 3508 aut

148 3546 229 3598 etiem*
256 3552 318 3612 post
349 3537 592 3595 erutum-cadaver.
625 3537 678 3590 Alii
707 3549 784 3592 antea
809 3541 1009 3594 emendaverant
1032 3551 1120 3604 eruto,

147 3649 193 3684 nee
214 3629 310 3681 male.

159 3733 190 3797 5.
227 3727 402 3804 omittitur
425 3723 654 3814 praepositio,
677 3723 735 3814 uiri
754 3725 826 3810 ipsa
843 3718 878 3794 in
901 3725 1003 3791 verbo
1022 3727 1118 3792 inest.

89 3815 119 3881 ld
144 3813 347 3904 grammatici
370 3811 509 3891 docent,
539 3816 571 3873 et
589 3822 736 3874 caussam
754 3809 880 3876 additae
898 3813 1120 3900 praepositio-

88 3905 130 3966 nis
153 3897 313 3990 quaerunt
332 3899 368 3962 in
389 3919 464 3993 pers
489 3895 632 3960 ienitate.
676 3893 752 3960 Vid.
777 3893 983 3968 Ruinshorn.¹
1004 3899 1117 3962 Gram.

31 4049 32 4058 ,
88 4010 115 4074 p.
130 3993 202 4055 rm.
246 3919 666 4069 Exemphs.niiopus·est,
687 3981 744 4044 sod
756 3980 893 4046 rationis
911 3983 1118 4054 animadver-

31 4089 33 4156 ξ
88 4075 183 4140 sione.
210 4071 276 4137 -Ut
303 4068 503 4156 caprariam
530 4087 606 4140 cum
629 4059 730 4138 iaude
765 4067 914 4151 narravi,
946 4064 1117 4152 Seyfertus
