2752 4748
249 315 291 380 so
709 307 794 392 ..sn

218 484 234 551 ,⁴
249 469 306 534 tie.
320 471 352 550 7,
366 469 398 531 8.
421 455 597 551 praecepit.
617 483 686 528 non
702 461 885 548 ingressum
901 443 1081 545 in'urbem,
1097 463 1155 528 sed
1174 485 1290 530 acees-

148 567 154 578 '
250 576 325 617 sum
340 550 380 614 ad
395 549 483 613 urbis
498 550 667 634 regionem
681 547 923 634 praepositione
938 548 1124 635 significari.
1143 550 1182 613 ld
1201 574 1289 637 pro-

179 685 182 692 .
248 633 680 718 baventntROudendorpius
699 632 739 696 ad
755 633 845 695 Caes.
857 633 898 698 B.
915 636 956 698 G.
983 640 1019 714 1,
1037 635 1069 698 7.
1096 635 1231 720 Cottius
1249 639 1289 700 ad

249 721 381 786 Sallust.
407 717 476 806 lug.
499 719 552 783 57.
590 717 840 781 Ruddimann'us
857 723 888 781 2.
915 717 953 806 p.
968 724 1044 783 280.
1068 721 1188 784 etalii.
1220 722 1287 786 Sed

248 807 315 871 ianr
328 805 464 870 Vossius
481 802 650 867 ,intellexit
668 801 730 865 hae
745 803 895 867 universa
913 804 1024 892 regula
1042 827 1162 891 parum
1178 805 1287 890 effici:

246 911 325 955 nam
340 899 569 978 praeterquam
586 888 676 974 quod
693 889 874 952 accusativo
890 891 1085 971 nominum,
1105 909 1176 954 non
1192 893 1287 955 addi-

246 986 280 1040 ta
302 975 563 1074 praepositione,
581 975 679 1036 etiam
693 973 816 1038 itineris
840 973 977 1038 directio
1002 975 1043 1038 ad
1065 976 1201 1040 alieuius
1220 975 1288 1040 loci

245 1082 415 1147 regionem
433 1059 638 1146 exprimitur,
657 1059 796 1145 vulgaris
813 1057 971 1144 loquendi
985 1061 1202 1144 consuetudo,
1217 1084 1288 1126 non

245 1148 424 1212 verborum
443 1145 527 1207 ratio
553 1144 760 1206 constituisse
775 1144 902 1206 videtur
915 1144 1019 1225 harre,
1047 1167 1146 1230 quam
1164 1149 1286 1234 optimi

246 1232 424 1318 scriptores
442 1227 710 1306 observaverunt,
731 1229 855 1314 legem:
880 1231 996 1306 sicuti,
1022 1231 1079 1294 ubi
1101 1250 1124 1296 A
1141 1253 1289 1330 praepo*

247 1317 322 1380 sitio
370 1315 491 1394 onitur,
509 1335 579 1376 non
590 1335 721 1400 semper
741 1336 886 1400 egressus
903 1332 945 1378 ex
957 1310 1071 1380 vicinis
1086 1316 1169 1380 locis
1185 1329 1287 1381 nota-

247 1409 312 1464 tur.
344 1339 413 1464 gie.
430 1398 470 1462 de
486 1398 614 1462 Seneet.
630 1399 669 1478 4,
692 1403 742 1461 10.
763 1421 901 1487 citraque
917 1423 955 1463 eo
975 1412 1136 1487 quartum
1150 1403 1287 1489 conside

246 1483 513 1550 adolescentulus
527 1483 624 1546 miles
639 1479 810 1570 profectus
825 1507 899 1547 sum
919 1485 968 1548 ad
985 1484 1161 1571 Capuam,
1185 1489 1287 1574 quin-³

245 1583 344 1660 toque
368 1593 459 1634 anuo
483 1577 562 1656 post
588 1566 637 1631 ad
656 1564 853 1632 Tarentum.
889 1566 939 1634 Ibi
966 1571 1069 1635 critici
1097 1572 1285 1659 explicanti

246 1657 286 1722 ad
303 1656 495 1735 exereitum,
523 1654 580 1740 qui
600 1656 669 1716 erat
685 1653 725 1716 ad
743 1654 901 1740 Capuam.
924 1655 1073 1742 Propert.
1097 1662 1136 1732 3,
1166 1663 1228 1740 21„
1252 1663 1282 1721 1.
1313 1670 1318 1681 ¹

158 1815 162 1822 ¹
243 1761 411 1828 magnam
433 1741 499 1802 iter
519 1737 568 1801 ed
591 1737 711 1800 doctas
723 1736 898 1824 prrfieisci
911 1761 1016 1826 cogor
1030 1742 1197 1805 Athenas.
1228 1743 1287 1806 ubi

243 1850 287 1891 ne
303 1845 450 1888 caussam
463 1824 498 1885 in
516 1823 671 1885 adieetivo
691 1823 800 1885 addito
817 1843 1021 1907 quaeramus,
1037 1827 1173 1890 Vossius
1186 1851 1284 1891 eom-

156 1978 159 1990 ,
243 1920 338 1998 parat
360 1908 456 1972 Ovid.
472 1908 548 1971 Her.
576 1912 614 1983 2,
639 1911 692 1970 83.
718 1905 838 1970 doctas
860 1910 934 1972 iam
957 1923 1136 1984 evincent,
1162 1913 1285 1999 inquit,

244 1995 409 2061 Athenas.
438 1987 506 2057 Nee
522 2001 634 2054 tamen
650 1992 759 2054 Vossii
775 1995 945 2072 sententia,
957 1996 996 2059 de
1014 1996 1147 2059 Constr.
1159 2001 1285 2094 pets.

206 2096 221 2139 ·.
242 2081 389 2169 prolata,
412 2068 625 2164 comprob'ari
644 2084 772 2162 potest,
795 2097 873 2163 prae
901 2080 1077 2144 ositionem
1092 2081 1186 2157 addr,
1209 2095 1282 2146 non

242 2172 280 2230 ut
293 2175 405 2228 motus
422 2163 462 2226 ad
476 2162 589 2226 locum
609 2161 764 2250 vicinum,
787 2163 845 2226 sed
867 2101 988 2252 siliquid
1007 2187 1075 2229 esse
1089 2166 1227 2230 velvfieri
1247 2168 1283 2230 iu
1366 2189 1367 2194 ¹

241 2251 319 2316 loco
341 2250 450 2321 vicino
469 2246 680 2335 significetur.
723 2247 766 2310 Et
790 2269 989 2335 quamquam
1009 2251 1051 2330 ii,
1081 2253 1137 2336 qui
1158 2253 1283 2315 trium-

240 2337 347 2424 phum
364 2333 614 2421 exspectabant,
640 2343 696 2396 aut
713 2356 730 2396 e
746 2334 915 2420 provincia
931 2341 1151 2418 reverterant,
1174 2338 1282 2400 usita-

240 2419 437 2483 t‘a‘formula
455 2418 646 2481 dicebantur
665 2418 714 2480 ad
728 2416 843 2480 urbem
860 2421 1002 2496 uenisse,
1038 2441 1137 2506 quam
1152 2422 1282 2510 ingredi

240 2503 393 2568 nondum
419 2503 456 2566 iis
476 2501 603 2563 licitum
627 2500 757 2582 fuisset,
783 2501 847 2565 hoe
866 2526 935 2567 non
951 2526 1017 2569 una
1033 2508 1284 2593 praepositione

241 2584 481 2664 declarabatur,
512 2585 568 2647 sed
588 2586 660 2672 ipsa
684 2608 732 2649 re.
777 2587 927 2651 Sanctius
950 2590 1058 2676 igitur,
1084 2591 1282 2670 „absurdius

214 2751 216 2756 ι
241 2673 397 2750 delirant,
428 2669 554 2756 inquit,
584 2691 619 2758 p.
636 2673 710 2734 234.
733 2671 790 2756 qui
803 2674 1023 2755 contendunt,
1053 2676 1140 2739 aliud
1156 2700 1226 2741 esse
1242 2700 1282 2741 eo

173 2787 177 2794 ·
238 2757 401 2836 Romam,
431 2756 518 2820 aliud
537 2778 575 2818 eo
600 2754 649 2820 ad
669 2753 833 2820 Romame
861 2758 1282 2848 dieuntenim'sineprae·¹

237 2841 406 2930 positione
428 2841 542 2905 locum
562 2841 673 2927 ipsum
699 2841 891 2929 significari,
930 2861 1006 2908 cum
1030 2847 1282 2932 praepositione

237 2946 315 2994 vero
339 2926 437 2990 iuxta
457 2925 507 2991 vel
518 2947 640 3011 prope.
683 2927 808 2990 Delirat
830 2928 931 3013 igitur
947 2929 1073 3012 Livius,
1104 2932 1162 3016 qui
1180 2951 1282 3019 saepe

235 3007 468 3092 nune'Veios,
495 3032 583 3074 nune
610 3009 659 3074 ud
682 3009 787 3073 Veios
810 3013 926 3076 eodem
951 3035 1050 3078 sensu
1075 3015 1165 3081 dicit.
1192 3017 1280 3082 ‘Nee
1365 3051 1366 3072 i

235 3097 319 3163 mihi
334 3097 432 3161 etiam
448 3096 482 3158 in
497 3095 557 3156 hac
571 3105 664 3179 parte
678 3094 785 3178 placet
800 3096 872 3182 ipse
888 3099 1022 3178 Cicero,
1047 3121 1151 3196 quum
1165 3100 1224 3165 lib.
1244 3107 1277 3166 7.

236 3183 331 3269 epist.
349 3186 381 3244 3.
411 3179 521 3242 Attico
538 3200 607 3240 sese
623 3189 774 3259 excusat,
801 3183 891 3266 quod
910 3185 1077 3270 scripserit
1093 3186 1131 3248 in
1144 3185 1281 3250 Piraeea
1365 3237 1366 3244 .

234 3287 335 3353 quum
351 3264 546 3326 ventssema‘
569 3263 683 3325 Cicero
700 3264 833 3348 quidem
847 3275 953 3337 totam
972 3281 1041 3333 rent
1058 3270 1099 3333 de
1116 3292 1174 3333 sua
1189 3269 1280 3346 eliol-

233 3367 309 3414 rum
333 3368 374 3412 ue
384 3347 770 3433 opinionedemonstrats
821 3354 1077 3439 raepositionem
1095 3355 1170 3417 addi
1183 3355 1293 3422 ‘sole-u

233 3458 280 3516 re,
294 3371 483 3498 ubinomen
498 3454 568 3496 non
583 3433 711 3520 oppidi,
726 3434 782 3498 sed
795 3373 862 3499 lici
877 3439 1032 3524 ponatur,
1042 3439 1208 3526 igiturque
1225 3441 1277 3508 ad

233 3517 377 3584 Romam
399 3513 578 3605 proficisci·
596 3540 667 3599 non
691 3519 755 3582 dici
770 3520 810 3584 de
825 3521 924 3603 urbe,
948 3524 1005 3587 sed
1020 3523 1173 3598 deloco,
1205 3546 1276 3611 quo

232 3604 344 3668 tendat
365 3603 437 3667 iter.
480 3604 564 3666 Ante
590 3603 701 3666 omnia
714 3603 797 3667 illud
810 3609 1009 3688 tenendum,
1031 3609 1121 3694 quod
1135 3611 1277 3676 Vossius

232 3691 265 3768 et
279 3688 466 3752 Perizonius
485 3687 526 3751 ad
543 3687 652 3750 Senot.
664 3687 754 3752 Min.
773 3690 967 3772 docuerunt,
986 3694 1277 3780 praepositionem

231 3772 362 3838 urbium
378 3773 568 3836 nominibus
580 3772 727 3838 additam
741 3773 825 3838 nihil
840 3774 981 3858 habere,
1005 3779 1152 3863 quadiu
1165 3791 1276 3846 artem

181 3925 185 3931 ,
232 3867 288 3922 aut
302 3865 452 3921 naturam
466 3857 764 3944 linguaeincurrat‚
786 3860 952 3926 Ciceronis
969 3872 1072 3926 aetate
1088 3863 1194 3946 abiis,
1217 3868 1276 3954 qui
1364 3897 1365 3906 ³

151 3943 159 3952 '
232 3942 407 4029 elegantiae
427 3943 613 4022 studerent,
642 3941 712 4006 fere
727 3943 893 4010 *omissam
911 3969 980 4013 esse
998 3947 1140 4034 ideoque
1154 3959 1274 4038 gram-
1364 3969 1365 4028 t

231 4028 370 4095 rusticos
393 4025 458 4090 hoc
478 4026 637 4112 loquendi
660 4047 769 4114 genus
784 4039 955 4117 tamquam
970 4033 1274 4122 legitimum-prae·-
1364 4031 1365 4070 ³

150 4175 153 4186 ,
230 4113 372 4200 cepisse,
396 4112 491 4176 sicuti
506 4110 585 4178 feeit
601 4107 841 4192 Quinctilianbs
860 4125 874 4184 1
884 4163 893 4199 ,
912 4120 950 4202 5,
965 4120 1033 4200 38,
1050 4119 1204 4200 oratores
1220 4131 1274 4192 ts.
1364 4107 1365 4132 ¹
