2784 4746
381 322 638 411 numism,
670 286 909 396 snvnusvs.
985 316 1008 387 '.
1108 270 1193 400 ier

28 537 29 554 ,
126 505 186 571 qne
202 483 393 570 usurpatur,
410 484 467 570 qui
483 467 718 548 conversasset
729 483 923 576 eduliqn'em
934 483 1119 565 hominem,
1136 497 1170 550 et

27 581 29 644 g
124 568 400 644 necessitudinem
424 569 600 655 quamdam
627 569 798 634 constituit
822 591 898 634 eum
920 564 1050 656 aliquo:
1078 571 1170 657 quod

27 701 28 708 1
124 653 535 742 vernuoulolingunnostru
544 653 694 735 similiter
702 655 865 742 designate
884 655 1169 745 gegemeicltgre·

27 803 28 818 ,
122 767 192 830 gen
207 742 306 807 einen
319 739 517 816 verdelten,
540 738 733 806 denelrmen.
785 741 881 805 Vnde
900 739 958 815 fit,
985 733 1024 804 dt
1044 740 1171 806 adoer-

124 851 178 892 srte
201 826 366 892 rationem
395 825 495 888 etium
518 848 589 890 eum
614 827 797 913 exprimat,
828 848 891 912 qun
914 828 963 890 rei
985 826 1171 914 dirigendae

125 912 244 978 modus
259 920 461 1000 potestatem
478 910 581 1062 ippius
596 912 645 975 rei
662 911 765 985 ell'ert,
792 921 835 993 et,
858 923 1016 996 quotenus
1030 911 1102 1000 ipse
1116 936 1170 978 res

27 1059 28 1082 ,
125 998 247 1078 uolent,
286 996 439 1074 ostendit.

27 1089 28 1154 3
125 1085 210 1149 uiolet
234 1077 307 1170 auf.

232 1203 292 1256 die.
317 1201 351 1253 ed
369 1204 441 1254 Fam.
464 1201 513 1265 11,
530 1201 580 1263 27,
601 1200 643 1280 11.
663 1219 785 1272 quonam
809 1201 893 1256 modo
916 1219 959 1256 me
979 1219 1100 1274 gererem
1121 1201 1172 1255 ad·

190 1303 286 1340 versus
300 1285 459 1348 Gaesarem,
486 1305 552 1341 ussus
568 1299 617 1340 tuo
643 1287 762 1341 consilio
784 1305 855 1340 sum.
874 1286 1109 1352 autumnat,
1129 1286 1171 1340 15.

145 1381 147 1386 “
192 1383 219 1426 te
233 1370 366 1424 adversus
381 1392 423 1426 me
438 1376 532 1426 onmia
546 1369 648 1425 eadere
662 1383 776 1446 gratum
794 1383 844 1428 est.
868 1373 887 1424 i.
901 1391 925 1425 e.
947 1391 1005 1424 meu
1019 1373 1172 1435 censenda

176 1475 249 1512 sem
263 1475 355 1509 meam.
375 1457 461 1512 Tacit.
480 1461 546 1508 Anu.
561 1455 594 1519 2,
616 1456 658 1508 71.
677 1462 703 1511 si
711 1454 783 1530 fato
800 1458 987 1520 concederem,
1004 1456 1172 1511 iustas'milri

192 1543 277 1598 dolor
291 1545 376 1596 etiam
390 1541 523 1596 arlversus
537 1541 604 1596 deos
627 1555 714 1606 esset,
736 1543 811 1617 quod
832 1563 874 1598 me
892 1541 1054 1614 parentibus
1076 1539 1175 1595 liberis

192 1631 306 1702 patriae
321 1632 394 1684 intra
410 1617 550 1682 iuventam
565 1641 742 1699 praematuro
760 1631 837 1685 exitu
847 1637 985 1699 raperent.
1004 1627 1036 1691 1,
1052 1624 1095 1678 65.
1115 1624 1172 1680 len·

159 1769 163 1777 ,
193 1725 239 1770 tae
253 1714 531 1792 adversemimperia
545 1726 636 1766 arares.
1075 1732 1081 1738 -

521 1018 559 1060 os
596 995 735 1061 dioimus
765 997 804 1062 iu
834 995 974 1085 Bezug‚
1011 998 1049 1062 ire
1076 993 1171 1069 Hiu-

227 1823 331 1888 nisu,
352 1822 402 1888 35,
427 1821 454 1876 4.
482 1841 647 1897 quemquam
669 1821 804 1878 adversus
833 1823 979 1879 Romanos
999 1819 1109 1877 nullum
1131 1823 1173 1876 eis

193 1915 237 1966 ius
260 1913 403 1963 societatis
426 1911 601 1964 ausicitioeve
625 1921 693 1962 erat.
722 1910 776 1960 Cic.
796 1910 828 1964 de
844 1913 895 1964 off.
916 1909 950 1976 3,
971 1905 1174 1972 29,108.cum

192 1999 266 2050 iusto
283 1997 397 2048 enimet
415 1993 541 2066 legitimo
557 1993 636 2048 hoste
649 2014 692 2048 res
703 1993 869 2066 gerebatur.-
891 1995 1023 2047 adversus
1045 2012 1125 2066 quem
1145 2001 1174 2044 et

194 2092 285 2136 totum
299 2082 342 2134 ius
348 2075 458 2152 fetiale
476 2091 503 2134 et
516 2079 605 2134 multe
620 2091 684 2134 suut
702 2083 763 2134 iura
782 2083 946 2139 consurrectio.
965 2079 1050 2130 Tacit.
1065 2082 1131 2130 Anu.
1145 2075 1173 2142 3,

194 2167 238 2221 29.
256 2167 393 2238 privignis
411 2183 470 2220 eum
486 2163 584 2219 vitrico
609 2164 697 2219 levior
714 2159 885 2220 necessitudo
905 2155 988 2238 qiam
1003 2183 1057 2216 avo
1076 2163 1174 2216 adver·
1248 2157 1254 2165 ’

195 2265 398 2322 suurnepotem.
418 2252 465 2312 11,
479 2251 522 2304 54.
541 2249 708 2305 tunesots'do
724 2249 800 2303 dorm
812 2251 888 2321 quies
907 2260 934 2303 et
944 2241 1176 2304 adeersusezter·

195 2360 232 2394 rra
236 2335 393 2408 floruimus.
411 2339 501 2394 Germ.
509 2335 553 2391 23.
570 2335 715 2391 adversum
724 2336 800 2389 sitim
807 2354 862 2388 non
871 2335 969 2390 eadem
978 2337 1172 2404 temperentia·

229 2444 284 2496 uic.
310 2441 344 2494 ed
363 2443 435 2494 Fam.
459 2441 493 2505 3,
514 2439 565 2503 13,
592 2439 617 2492 8.
649 2459 731 2510 quum
751 2437 818 2492 lraec
843 2435 1010 2518 scribebam,
1036 2454 1174 2492 censorem
1220 2489 1222 2495 ,

194 2531 251 2583 ἰαηι
273 2536 374 2581 teesse
393 2523 559 2596 speratam.-
584 2544 616 2581 eo
633 2522 744 2578 brevior
764 2535 807 2580 est
824 2522 891 2579 laec
911 2521 1049 2595 epistola,
1077 2532 1119 2585 et,
1144 2532 1175 2574 ut

194 2614 328 2670 adversus
342 2613 505 2681 magistrum
521 2630 644 2676 morum,
669 2611 831 2665 modestior.
869 2613 899 2662 lu
913 2611 955 2662 his
973 2609 1105 2662 adversus
1119 2625 1175 2659 uon

192 2701 263 2752 idem
277 2707 318 2750 est
333 2696 405 2766 quod
419 2695 474 2760 ad,
501 2699 574 2766 quusi
597 2699 650 2750 diei
670 2698 769 2767 possit,
794 2693 946 2768 epistolam
967 2695 1101 2747 adversus
1122 2692 1176 2746 ali·

195 2803 273 2859 quem
290 2777 408 2836 scribere
421 2783 464 2832 rel
479 2784 596 2845 mittere,
616 2783 664 2834 sed
683 2799 761 2851 quum
783 2780 853 2832 adsit
869 2779 993 2848 magister
1007 2797 1126 2842 morum,
1146 2781 1175 2833 iss

198 2867 326 2926 Hinsiclrt
349 2860 408 2936 auf
425 2867 505 2921 einen
523 2867 722 2926 Sittenriclster.
759 2865 865 2916 Tacitus
884 2869 950 2916 Anu.
967 2861 1017 2928 15,
1038 2862 1081 2917 63.
1105 2855 1202 2925 scri-J

194 2957 277 3026 psisse
292 2952 406 3017 videtur,
420 2963 450 3005 ut
463 2954 543 3006 habet
557 2953 640 3006 codex
656 2953 790 3005 Florent:
812 2949 1002 3020 complectitur
1017 2967 1137 3028 uxorem,
1147 2960 1177 3003 et

198 3038 362 3112 paullulum
377 3037 510 3091 adversus
532 3030 705 3110 praesentem
721 3031 924 3108 fortitudinem
943 3035 1078 3102 recollitus,
1093 3047 1177 3108 rogat

163 3153 168 3164 ·
197 3137 323 3199 oratque,
346 3135 511 3196 temperaret
524 3123 625 3179 dolori.
646 3125 693 3176 sed
704 3123 800 3192 duplex
814 3141 870 3174 esse
885 3119 988 3186 videtur
1006 3121 1101 3173 horum
1115 3140 1175 3174 ver-

159 3257 163 3266 ,
196 3211 289 3268 borum
313 3229 413 3262 sensns.
450 3213 548 3262 Seneca
570 3212 655 3274 enim,
683 3211 725 3264 cui
749 3208 891 3262 nucleorum
909 3207 1033 3260 lacrimae
1056 3217 1133 3258 antea
1148 3207 1177 3258 iu

196 3300 301 3351 modum
318 3295 482 3366 coercendae
497 3307 590 3361 eruut,
609 3301 677 3348 nunc
699 3291 842 3348 fortissime
856 3309 937 3344 uxore
953 3301 1094 3362 conspectu
1111 3301 1176 3344 uer³

201 3394 273 3436 ratur
289 3369 439 3452 paullulum
455 3382 573 3436 mollitus
599 3382 696 3444 fuisse,
715 3382 769 3434 eive
789 3377 935 3448 respiciens
956 3377 989 3428 ad
1014 3389 1179 3446 praesentem

198 3467 397 3532 fortitudinem,
410 3467 493 3538 'quod
507 3485 556 3520 uos
575 3466 684 3532 dicimus
699 3469 728 3520 in
747 3456 840 3534 Reisig
853 3458 912 3535 aris
924 3462 998 3516 disse
1020 3460 1178 3533 Standlmf·
1231 3489 1233 3494 r

198 3552 313 3624 tigisit,
331 3552 385 3604 sive
400 3570 488 3606 coram
503 3552 638 3622 praesenti
655 3552 705 3604 huo
719 3549 890 3604 fortitudine:
910 3549 943 3599 de
959 3565 1010 3616 qun
1025 3567 1073 3600 usu
1089 3550 1177 3618 paullo
1255 3558 1259 3568 ’

198 3648 258 3692 aute
273 3638 420 3707 expositum
441 3627 490 3692 est.
526 3619 651 3694 Praesens
673 3635 804 3690 fortitudo
827 3643 868 3686 est
889 3645 1029 3704 prompta,
1051 3653 1118 3706 quae
1140 3637 1178 3690 sic

145 3779 148 3784 ,
185 3737 226 3776 ‘ee
239 3732 366 3792 praestat.
608 3713 611 3718 ⁵
1207 3706 1209 3717 ¹

244 3827 325 3880 Gaius
341 3827 369 3878 iu
384 3827 446 3896 Dig.
461 3824 513 3891 41,
530 3825 566 3891 3,
581 3823 607 3877 5.
634 3841 688 3897 quo
712 3841 778 3878 casu
798 3841 855 3878 nou
875 3823 1009 3879 adversus
1034 3838 1180 3882 eumden·
1206 3890 1209 3899 .

150 3938 154 3948 r
199 3918 275 3977 tum,
292 3915 340 3984 qui
355 3913 454 3982 eripit,
474 3915 684 3981 interrumpitur
695 3913 846 3980 possessio,
864 3910 914 3966 sed
929 3911 1062 3980 adversus
1073 3930 1180 3976 omnes.

196 3997 356 4066 Pomponius
371 3995 400 4050 iu
418 3997 478 4066 nig.
493 3995 544 4062 38,
563 3996 614 4062 16,
631 3995 658 4050 4.
675 3993 720 4058 tt,
739 4014 855 4067 qaorum
868 4015 970 4069 parens
985 3999 1077 4076 capite
1092 4000 1180 4050 minu·

202 4093 246 4138 tus
259 4092 320 4148 est,
339 4081 481 4154 legitimae
495 4081 658 4138 hereditatis
674 4083 716 4136 ius
731 4092 759 4136 et
774 4083 804 4135 ira
818 4086 912 4136 ceteris
926 4086 1058 4154 personis,
1068 4092 1094 4136 et
1110 4082 1181 4134 inter

199 4185 228 4224 se
242 4171 381 4233 retinent,
402 4167 497 4226 etalii
514 4167 647 4224 adversus
668 4185 725 4224 eos.
766 4167 869 4238 leiau.
882 4167 910 4220 in
928 4162 1046 4239 111ξὲ49,
1066 4167 1091 4231 1,
1108 4164 1135 4232 3,
1155 4166 1180 4218 1.
