2784 4746
475 249 677 372 suarm.
725 298 825 388 sen.
899 315 901 322 s
1113 318 1176 380 aas
1233 269 1235 276 ’

119 454 315 607 eraclesscrit.
361 451 470 550 Nost,
491 457 593 525 nicht
621 456 851 550 diamasa&
898 459 991 552 decb]
1010 427 1179 554 ι1111811ιό11
1276 527 1279 542 ,

126 566 204 609 are.

587 733 735 833 AGE.

168 955 170 961 ·
215 927 268 994 De
282 930 444 996 vocabulo
461 934 674 1018 asn,.,1quale
689 935 747 1017 sit,
776 946 808 1000 et
825 958 867 1003 au
889 936 1047 1002 adverbiis
1074 961 1181 1002 annu-

131 1016 259 1080 merari
283 1014 417 1097 debeat,
449 1017 636 1104 ambigitur.
691 1021 856 1086 Gerardus
889 1023 1043 1102 Vossius,
1080 1046 1183 1109 quum

132 1099 221 1186 apu'd
238 1097 441 1168 Priscianus]
465 1103 594 1190 legisset
644 1111 770 1184 .1021.
790 1109 863 1195 (15,
886 1113 924 1188 6,
946 1107 1014 1195 35.)
1032 1109 1182 1173 hortati·
1223 1111 1231 1161 l

55 1185 83 1232 2'
135 1207 188 1262 aa,
213 1185 296 1266 eia,
317 1210 408 1273 age.
438 1187 487 1252 Et
499 1127 702 1272 astantium,
727 1193 816 1280 quod
833 1192 965 1261 videtur,
978 1195 1040 1258 laoc
1058 1193 1184 1259 adaer-

136 1267 231 1334 lu'urn
253 1271 361 1334 etiam
368 1273 545 1358 pluralem
570 1274 712 1350 laedere,
743 1289 780 1342 ut
804 1279 911 1365 agite.
934 1277 974 1344 de
989 1280 1128 1366 Analog.
1150 1283 1190 1354 4,
1255 1331 1274 1344 1.

135 1379 171 1506 p.
188 1356 265 1421 241.
281 1359 411 1442 negavit
427 1381 494 1423 esse
511 1383 578 1448 age
593 1361 801 1445 adverbium,
833 1363 890 1428 sed
905 1365 1045 1429 induere
1065 1367 1183 1429 adver·
1212 1361 1227 1418 )
1340 1437 1344 1450 ¹

159 1441 182 1506 ii
209 1451 381 1524 naturam,
408 1445 466 1510 ubi
491 1446 617 1532 pluralis
637 1447 737 1526 verbo
762 1449 952 1514 sociaretur.
1003 1451 1184 1518 Priscianus
1229 1533 1231 1536 Ι

137 1538 293 1614 ‘graecum
312 1549 410 1616 usum
430 1541 600 1619 comparat
625 1555 661 1619 p.
680 1538 773 1598 1170.
794 1537 868 1621 (18,
892 1541 951 1616 21,
976 1529 1070 1618 172.)Ι
1086 1539 1185 1619 δεῦρο,

138 1613 200 1698 ἄγε,
219 1615 301 1698 φέρε,
316 1613 410 1698 dysis,
434 1613 489 1694 eia,
522 1617 617 1703 apud
637 1617 713 1682 illos
735 1617 808 1684 loco
834 1617 988 1684 adverbii
997 1629 1185 1707 ponuntur,
1280 1670 1290 1690 .

61 1774 72 1797 ι
138 1700 307 1788 quomodo
324 1700 419 1786 apud
434 1727 495 1766 nos
512 1707 580 1792 ag'e
599 1714 631 1768 et
651 1705 758 1792 agite.
802 1703 894 1770 Diris
910 1707 1010 1793 igitur
1026 1705 1098 1772 loeo
1118 1705 1218 1826 αιί·ι

134 1785 256 1868 peritii.
288 1787 421 1854 Servius
436 1787 479 1864 ad
494 1791 586 1875 Virg.
613 1791 693 1853 Aen.
716 1795 755 1871 2,
777 1790 851 1854 707.
883 1815 951 1880 age
978 1803 1093 1857 autem
1118 1817 1187 1858 non
1303 1803 1305 1822 ¹

140 1884 189 1938 est
204 1871 305 1937 modo
322 1870 456 1954 uerbum
474 1873 696 1960 imperantis,
719 1875 780 1942 secl
793 1877 962 1942 hortantis
980 1877 1187 1960 adverbium,

140 1957 228 2024 adeo
244 1969 282 2022 ut
290 1958 501 2047 plerumque,
512 1984 533 2023 a
541 1983 595 2048 ge
607 1957 760 2048 facite
782 1961 960 2043 dieamus,
978 1976 1011 2028 et
1025 1965 1188 2050 singula-

140 2067 407 2126 rem-numerum
420 2045 612 2130 copulemus
626 2046 771 2132 plurali.
793 2045 975 2112 Prudenter
989 2050 1087 2133 etiam
1100 2048 1189 2113 Cha-

139 2131 258 2212 risius,
280 2129 344 2194 hoc
361 2129 521 2197 vocabulo
546 2135 632 2198 inter
666 2131 818 2196 adverbia
840 2131 997 2198 hortandi
1024 2135 1189 2222 apposito,

141 2215 235 2282 addit
250 2239 284 2302 p.
303 2219 372 2280 161.
388 2218 546 2304 quamuis
561 2239 645 2304 age
659 2229 691 2281 et
708 2218 835 2303 agite
851 2220 918 2282 uim
934 2219 1085 2284 obtinent
1099 2221 1190 2284 acti-

142 2302 175 2366 ui
191 2301 389 2386 imperativi
402 2301 507 2366 modi.
548 2303 661 2389 Neque
677 2323 756 2366 vero
774 2313 911 2368 „tantum
927 2327 988 2392 per
1002 2305 1202 2369 translatio?
1221 2323 1224 2330 ·
1295 2383 1297 2387 Ι

142 2388 250 2452 nis‘in
266 2387 452 2452 vernaculas
473 2387 599 2473 linguas
621 2387 830 2452 occasionem
846 2387 901 2472 fit,
935 2401 972 2454 ut
991 2389 1068 2454 huic
1093 2413 1191 2456 voca-

143 2472 225 2536 bulo
258 2494 385 2541 nomen
409 2473 554 2538 adverbii
581 2471 797 2555 tribuamus,
819 2475 876 2539 sed
906 2497 947 2540 ex
971 2477 1105 2564 antiquo
1131 2499 1193 2541 usu

145 2557 317 2640 (dicebant
332 2559 421 2623 enim
437 2583 504 2646 age
520 2561 586 2640 ite,
612 2583 679 2646 ago
695 2561 944 2648 experiamur),
974 2573 1005 2628 et
1023 2585 1080 2649 per
1095 2564 1193 2628 volu-

145 2644 267 2724 bilem,
290 2667 372 2731 quae
391 2643 517 2708 formas
540 2656 664 2726 mutat,
687 2657 838 2720 naturam
862 2648 1024 2710 sermonis
1046 2648 1194 2712 humani.

148 2731 263 2811 Quare
284 2731 394 2794 nullus
419 2731 480 2794 erit
498 2731 650 2816 ellipseos
665 2731 778 2811 locus,
803 2731 893 2794 cuius
913 2732 1034 2795 auxilio
1054 2731 1195 2798 Boeele-
1217 2805 1220 2813 ,
1280 2801 1285 2814 ,

145 2839 204 2882 rus
227 2817 263 2880 in
289 2813 556 2880 Chrestomathia
581 2815 717 2878 Terent.
748 2812 847 2878 verba
880 2839 947 2904 age
977 2819 1106 2904 igitur,
1139 2818 1196 2882 ubi
1269 2854 1272 2867 .

147 2925 239 2966 nrtnc
255 2913 306 2967 est
321 2903 415 2988 ipsus
432 2900 590 2987 explicat:
613 2923 636 2974 ¹a
661 2900 762 2964 ehoe
784 2903 973 2989 negotium,
996 2914 1033 2966 ut
1054 2906 1198 2990 respob-
1238 2951 1240 2960 ·

146 2988 227 3052 deas
242 2987 343 3070 mibi,
365 2989 422 3052 ubi
437 2987 506 3050 siti
532 3009 576 3053 se.
618 2922 676 3050 [lie
699 2987 795 3050 etiam
815 2998 928 3050 narrat
954 2989 1090 3052 verbum
1114 2989 1198 3069 „de-
1248 3039 1250 3042 .

150 3095 322 3160 generasse
345 3073 381 3136 in
410 3008 644 3137 adverbium:
673 3072 834 3158 sedquae
864 3073 953 3136 addit
981 3072 1127 3159 reliqua,
1158 3096 1198 3137 ex
1251 3121 1269 3146 ,

150 3165 250 3248 parte
265 3159 397 3245 quidem
428 3159 556 3246 egregie
578 3157 716 3246 probari
738 3168 889 3245 possunt.
925 3159 1113 3247 Equidem,
1142 3159 1199 3224 ubi

152 3269 222 3334 age
242 3263 319 3308 cum
341 3244 448 3309 verbis
474 3251 692 3326 construitur,
716 3245 801 3306 ¹non
825 3243 1016 3308 adverbium
1041 3246 1199 3310 nomina·
1255 3273 1257 3282 .

152 3333 279 3411 verim,
300 3329 355 3394 sed
382 3330 668 3409 coniunctionem,
701 3331 824 3416 quippe
848 3351 930 3416 quae
954 3353 1029 3392 cum
1053 3331 1200 3420 impera·
1306 3339 1307 3347 ’

153 3418 223 3482 tivo
244 3437 315 3480 non
332 3416 396 3480 alio
411 3417 515 3480 modo
533 3415 725 3502 copuletur,
745 3436 844 3500 quam
870 3436 936 3502 quo
956 3416 1092 3480 iatinam
1107 3417 1201 3504 addi-

151 3513 209 3567 tur
230 3501 392 3588 optativo.
843 3539 845 3549 ι

180 3657 182 3662 .
242 3602 311 3682 Qui
327 3603 428 3690 igitur
445 3597 660 3690 imperativus
678 3611 744 3682 est,
764 3619 836 3666 Aes
855 3619 948 3662 suam
964 3608 1115 3662 naturam
1131 3603 1204 3688 pri-

154 3688 307 3753 mitivam
323 3682 430 3770 tebet,
455 3689 653 3774 ubicumque
667 3703 727 3776 per
743 3710 777 3750 se
801 3694 927 3750 constat
942 3685 1068 3772 integra
1086 3689 1203 3772 agendi

154 3773 270 3854 notio,
292 3783 349 3838 aut
365 3775 502 3839 nomina
523 3772 666 3883 agendae
689 3771 738 3836 rei
761 3777 984 3860 apponuntur.
1026 3770 1114 3836 Bane
1137 3771 1202 3835 hoo

157 3859 310 3924 distinxit
324 3859 471 3925 Donatus
490 3861 531 3924 ad
551 3859 679 3937 ferent.
691 3857 793 3922 Andr.
814 3863 853 3940 3,
875 3857 913 3940 4,
938 3859 989 3935 19,
1006 3877 1204 3944 quamquam

157 3967 232 4012 nou
247 3955 327 4033 apto
343 3945 419 4011 loeo
429 3996 439 4028 ,
462 3945 603 4032 ideoque
620 3941 839 4030 reprehensus
856 3965 877 4006 a
888 3941 1061 4008 Boeclerc.

275 4067 384 4124 Terent.
401 4065 506 4118 Pharin.
525 4064 559 4128 3,
577 4063 612 4128 3,
631 4063 657 4119 6.
675 4083 728 4136 ago
748 4079 832 4134 argos
849 4061 927 4116 solus
942 4079 1051 4118 seruare
1068 4057 1222 4130 hosapa:
1275 4052 1276 4094 l

234 4160 284 4207 tas.
317 4149 424 4204 Pharin.
436 4139 469 4216 8,
486 4147 520 4212 8,
539 4147 582 4202 88.
600 4147 653 4204 boe
671 4167 734 4223 age.
766 4148 861 4216 virgil.
878 4151 942 4201 Aen.
958 4144 992 4210 6,
1008 4141 1053 4197 58.
1067 4161 1132 4217 ergo
1147 4145 1208 4217 agi·

279 4383 287 4412 Ι
