2760 4748
595 317 665 422 su.
987 408 1009 418 ..
1089 305 1180 389 str'
1228 371 1234 383 ,

173 470 338 553 spectatione
349 463 440 526 'maun
458 471 551 526 Bacch.
567 472 600 541 2,
618 473 654 558 2.,
670 471 715 528 22.
738 471 868 538 ebosus
886 476 1019 532 invenisti
1039 475 1153 534 Bcccbi·

174 557 259 614 dem?
275 556 350 608 Trin.
368 555 403 623 4,
419 557 454 622 2,
472 556 532 610 itt.
549 558 617 624 eirc,
637 576 755 633 quaeso,
779 578 817 613 an
834 563 907 614 tuis
925 560 975 612 es?

209 661 293 714 Plant.
312 661 376 712 Gist.
393 659 426 726 2,
448 661 481 724 3,
505 661 547 716 22.
567 667 623 727 οη,
646 660 765 726 amabo,
793 663 921 716 meretrix
936 661 987 722 itte
1004 674 1062 728 est,
1083 683 1153 737 quae

173 744 258 800 iliam
284 744 420 798 sustulit?
451 749 533 798 Mero.
557 745 591 810 3,
620 746 651 823 i,
675 743 719 800 41.
743 747 925 810 cumburc
949 753 1067 808 maritus,
1089 753 1154 806 est?

172 825 266 883 Pseud.
281 829 313 892 1,
337 829 370 893 1,
393 829 437 881 27.
456 851 508 894 en,
531 828 662 895 obsecro,
688 830 793 903 becclo*
809 830 912 886 habent
935 851 1043 905 propre
1066 835 1153 908 gatti·

163 925 227 970 'uae
245 913 364 968 manus?
381 916 459 996 Poen.
479 915 513 981 2,
533 915 578 972 29.

82 1089 89 1098 ¹
185 1021 219 1082 7.
250 1017 353 1082 Huius
369 1017 638 1104 interrogationis
662 1018 820 1122 proprius
844 1027 893 1082 cet
914 1018 1027 1104 locus,
1055 1023 1114 1090 ubi
1134 1041 1153 1091 a

101 1111 219 1167 nostra
237 1103 395 1168 ‘sententia
411 1103 451 1166 ad
468 1102 627 1182 alienam,
650 1125 716 1167 eive
731 1126 764 1168 m
782 1107 1064 1190 argumentatione
1076 1129 1098 1173 ‘a
1115 1133 1153 1176 re

101 1210 168 1274 pro
196 1187 280 1282 psita
295 1186 336 1253 ad
351 1188 557 1269 universam,
579 1209 662 1274 quae
677 1189 840 1253 contraria
864 1199 929 1265 cst,
947 1199 1021 1256 tem
1039 1203 1152 1259 trans-

102 1212 293 1360 gredimur,
324 1282 362 1336 ut
385 1295 446 1359 per
468 1294 543 1349 eum
567 1273 753 1361 negendam
777 1283 815 1338 et'
830 1272 1038 1354 refutandam
1063 1279 1151 1346 illiue

104 1361 276 1426 veritatem
293 1355 546 1436 confirmemus,
574 1370 606 1424 et
622 1359 842 1424 obiectionem
864 1361 995 1426 inanem
1024 1386 1060 1428 ac
1079 1363 1151 1429 ial-

102 1467 176 1510 sam
198 1465 409 1531 occupemus.
454 1444 557 1525 Quasi
574 1445 808 1530 interponatur
823 1444 902 1508 haec
917 1447 1149 1536 interrogatio:

103 1541 199 1594 estne
214 1529 279 1594 hoc
296 1551 429 1610 rerum,
461 1551 502 1593 an
518 1529 610 1593 aliter
631 1549 682 1602 res
697 1551 732 1592 ee
747 1525 871 1592 habet?
899 1553 940 1596 an
958 1539 1080 1618 putitiu
1105 1536 1149 1600 il-

101 1616 163 1679 lud
181 1637 251 1679 esse
265 1611 390 1701 posse?
420 1613 468 1678 Ita
483 1613 634 1678 simulate
649 1625 681 1678 et
696 1633 773 1678 cum
788 1615 893 1678 ironia
909 1617 1149 1706 interrogantes

103 1701 358 1788 comparatione
373 1699 620 1768 contrariorum
641 1700 841 1764 adversarios
862 1713 995 1766 nostros
1021 1705 1066 1768 nd
1079 1706 1151 1770 'ah-

102 1785 245 1852 surdum
275 1786 477 1852 deducimus.
537 1785 642 1872 Saepe
673 1786 898 1872 interponitur
924 1811 1018 1868 uero,
1060 1791 1151 1876 quod

100 1893 238 1937 sensum
252 1894 323 1935 non
338 1879 464 1951 mutat,
495 1870 551 1934 sed
575 1872 643 1935 vim
661 1880 789 1936 tantum
812 1869 901 1938 addit
925 1874 960 1940 in
982 1874 1149 1944 efferendo

102 1981 165 2042 eo,
187 1957 299 2045 quod,
320 1957 349 2020 si
365 1966 465 2040 esset,
484 1957 693 2022 miraremur.
868 1965 870 1972 ’
965 1975 968 1983 ’
1037 1980 1039 1994 ·

211 2077 265 2132 cio.
278 2077 307 2128 in
320 2075 514 2142 Pison.e,10.
531 2097 618 2150 neque
636 2095 702 2132 uere
722 2076 970 2133 muitum'intorest
988 2081 1151 2148 praesertim

172 2169 205 2222 iu
221 2161 349 2229 consuis,
367 2173 457 2216 utrum
472 2165 533 2231 ipse
546 2165 709 2233 perniciosis
723 2161 844 2235 legibus,
860 2161 994 2233 improbis
1014 2167 1152 2220 concioni·

172 2249 226 2304 bus
240 2245 438 2320 rempublicam
452 2257 550 2310 vexet,
566 2267 603 2302 en
617 2247 693 2301 aiios
707 2267 808 2303 verare
823 2250 958 2316 patiatur.
992 2249 1039 2305 An
1051 2258 1153 2320 potest
1200 2308 1202 2318 1
1229 2284 1234 2304 s

172 2333 236 2390 utta
260 2352 319 2401 esse
343 2333 503 2396 excusatio,
520 2348 576 2384 reon
599 2329 692 2387 dicem
707 2331 785 2387 'mais
804 2334 950 2393 sentienti,
970 2331 1020 2386 seri
1034 2331 1152 2402 sedenti,

172 2409 330 2479 cunemu'ti.
346 2417 497 2472 dormienti
515 2419 544 2471 in
559 2419 684 2472 maximo
702 2421 772 2489 reip.
786 2429 864 2476 motu
882 2417 1012 2472 sensuli?
1027 2419 1055 2471 in
1072 2421 1151 2473 Vesr.

173 2486 201 2560 i·
227 2509 284 2560 Act.
308 2504 342 2568 9,
365 2502 413 2557 27.
437 2502 579 2572 expositis,
614 2519 680 2572 quae
702 2501 813 2556 consilia
837 2505 955 2556 aVerre
969 2503 1021 2555 iam
1041 2504 1107 2556 inita
1124 2514 1152 2557 et

175 2591 320 2644 constituta
336 2590 459 2654 fuerint,
483 2589 587 2658 pergit:
610 2606 648 2644 un
672 2607 715 2642 rue
741 2593 889 2643 taciturnus
911 2591 998 2642 tantis
1018 2587 1151 2644 derebus

174 2674 407 2745 existimavistis?
423 2674 442 2728 i.
459 2691 485 2728 e.
506 2672 573 2726 oder
586 2671 715 2743 glaubtet
731 2672 774 2728 ihr
791 2683 842 2730 etc.
866 2671 1013 2740 ef.1‚39,
1032 2673 1091 2728 102
1117 2675 1151 2728 de

176 2761 230 2816 off.
243 2759 278 2828 8,
295 2759 349 2823 29,
365 2757 425 2812 105
441 2777 506 2814 nam
522 2757 596 2830 quod
609 2761 689 2812 aiunt
707 2759 822 2812 minima
837 2755 872 2810 de
889 2755 989 2823 mulis,
1006 2755 1036 2812 iri
1051 2770 1101 2825 est,
1120 2770 1153 2813 ut

176 2851 294 2918 turpiter
308 2845 405 2915 potius
422 2861 506 2914 quum
520 2841 701 2898 calamitosas
726 2861 764 2898 an
780 2852 822 2896 est
837 2839 926 2894 asilum
942 2845 1031 2898 maius
1046 2845 1152 2900 maium

174 2927 371 3002 turpitudine?
387 2929 464 2984 Tuec.
481 2924 514 2992 4,
530 2925 583 2991 28,
602 2923 645 2984 52.
666 2929 773 2990 nescio,
799 2927 896 2998 ecquid
923 2932 979 2997 ipsi
995 2947 1047 2983 nos
1066 2925 1152 2999 forti·
1203 2943 1206 2948 '
1235 2947 1241 2964 ⁸

169 3031 219 3072 'ter
241 3019 270 3070 in
287 3009 429 3086 republica
448 3007 610 3083 fecerimus.
630 3015 655 3066 si
673 3011 742 3085 puisi
752 3007 892 3082 fecimus,
910 3023 982 3066 certe
1006 3014 1074 3072 irati
1096 3033 1153 3068 non
1252 3067 1255 3075 ,
1294 3029 1297 3038 ’

170 3099 307 3178 fecimus.
334 3100 382 3156 An
394 3108 436 3154 est
455 3097 606 3172 quidquam
623 3095 744 3152 similius
760 3100 894 3161 insaniae,
912 3115 995 3174 quam
1007 3097 1071 3150 ire?
1089 3099 1117 3150 h.
1129 3117 1153 3151 c.
1177 3125 1180 3130 v
1244 3114 1248 3130 ⁵

177 3185 354 3249 concedisne,
381 3203 440 3250 me,
463 3183 486 3234 si
503 3181 566 3255 quid
583 3182 690 3234 fortiter
709 3182 834 3247 fecerim,
859 3182 954 3234 iratum
973 3199 1027 3233 non
1048 3185 1151 3250 fecisse,

176 3293 212 3328 an
228 3281 305 3342 putas
323 3269 461 3340 quidquam
479 3269 588 3342 similius
615 3266 742 3325 insaniae!
755 3285 812 3346 eece
834 3267 895 3319 ira?
926 3266 958 3317 de
978 3267 1037 3321 niv.
1059 3263 1153 3334 1,1t‚

176 3357 222 3416 24.
240 3363 309 3430 quat
326 3353 439 3410 tandem
457 3353 487 3408 id
503 3371 549 3406 ars
566 3369 622 3410 nou
639 3349 743 3404 babet?
759 3379 794 3392 -
811 3352 857 3406 An
879 3351 1014 3406 medicina
1032 3370 1079 3406 ars
1096 3373 1154 3410 nou

176 3441 308 3519 putanda
326 3439 558 3494 esttenete.
578 3433 705 3517 imni.
735 3437 782 3490 Sic
809 3453 883 3490 nesus
908 3435 970 3491 irinc
994 3441 1038 3492 uir
1063 3431 1157 3505 abestj

177 3542 211 3585 ut
230 3548 272 3582 me
289 3523 429 3579 custodiat
449 3520 558 3578 absens.
592 3523 637 3576 Au
661 3521 748 3575 nescis
772 3519 871 3594 longas
894 3521 1003 3592 regibus
1020 3541 1079 3578 esse
1096 3543 1153 3578 ma·

178 3631 239 3669 nus.
257 3611 328 3681 quod
344 3625 398 3660 non
418 3617 474 3673 est,
493 3609 532 3659 uti
550 3608 685 3660 Schiteius
705 3605 836 3661 reddidit:
852 3605 970 3671 mirarer,
991 3605 1152 3677 cicerones,
1223 3657 1233 3676 x
1259 3597 1267 3610 ⁸

102 3740 104 3742 -
179 3693 277 3768 weisst
300 3695 338 3750 du
360 3691 553 3748 denn'nicist?
574 3719 608 3733 ·-
639 3693 700 3745 sed:
722 3692 832 3744 hoccine
855 3701 1017 3744 non'verum
1041 3689 1153 3762 ¹uidetur,

179 3803 215 3840 an
238 3783 324 3836 neseis
349 3799 398 3832 -r
423 3777 490 3832 oder
514 3774 607 3849 weisst
628 3777 665 3829 du
692 3775 788 3830 uicit?
816 3775 869 3829 Cic.
889 3779 967 3830 Tuae.
986 3775 1020 3844 4,
1036 3778 1088 3843 25,
1109 3780 1153 3836 55.
1219 3817 1222 3824 .

178 3857 330 3925 craterem·
339 3884 404 3920 vero
432 3865 515 3920 irasci
540 3866 652 3918 minime
678 3859 776 3928 ἄεισι,
796 3860 925 3916 simulare
950 3879 1008 3914 non
1033 3862 1154 3919 dedecet.

178 3959 227 4016 An
245 3951 297 4010 tibi
313 3953 394 4008 irasci
412 3963 470 4006 tum
484 3937 626 4010 videmur,
651 3965 735 4019 quum
753 3950 819 4020 quid
844 3950 874 4004 in
892 3949 1108 4002 caussis'eerius
1125 3957 1154 4001 et

178 4040 366 4098 uehementius
384 4033 522 4093 dicimus?
545 4053 571 4104 p.
586 4033 689 4084 cluent.
705 4031 757 4098 22,
773 4031 816 4087 60.
833 4051 871 4086 en
887 4051 951 4087 uero
975 4021 1020 4086 iili
1039 4049 1090 4086 sua
1103 4049 1153 4104 per

182 4146 212 4186 se
229 4126 286 4198 ipsi
303 4123 409 4183 iudicis
423 4120 606 4181 rescinderent
626 4129 677 4174 etc.
710 4137 736 4190 p.
757 4118 850 4174 Milon.
868 4117 919 4184 23,
937 4115 980 4172 62.
1040 4128 1043 4143 ¹
