2760 4748
239 289 310 356 ’886
457 364 462 374 ι
486 369 491 388 ¹
512 331 519 356 .
727 284 798 350 AN.
882 319 896 362 r

155 493 159 504 .
246 440 444 528 comparatis
465 447 515 506 est
528 437 598 504 Liv.
614 441 654 520 2,
675 437 736 528 40,
757 441 788 508 5.
808 439 901 516 sine,
914 440 1014 528 pn‘na
1059 459 1117 504 arn
1135 439 1286 528 compie-

243 549 325 593 acum
339 526 471 613 accipio
480 573 490 606 ,
510 526 618 590 sciam
641 523 690 589 nd
711 526 840 592 instem
854 549 902 592 nn
918 458 1094 612 cassiim
1116 525 1289 592 venerim?

243 617 285 678 At
298 613 424 678 inverte
439 610 536 676 verba
551 611 661 676 sciam
682 609 732 678 ud
744 608 865 698 filium
890 635 938 676 nn
961 611 1010 675 nd
1031 612 1162 678 hostem
1178 635 1287 678 rene·

242 695 335 764 rim?
353 707 386 762 et
406 695 541 774 habebis
560 696 716 762 eumdem
738 720 888 765 sensum:
917 697 1023 762 immo
1044 718 1153 795 quum
1176 701 1286 785 pergit

241 783 394 848 Veturia:
417 781 556 868 captiva
569 793 723 846 materne
740 781 917 848 incastris
943 783 1011 862 tuis
1034 780 1126 848 erm?
1149 785 1285 848 vocula-

225 869 333 933 tione
343 868 530 932 distinxisse
539 867 666 937 videtur
676 864 797 933 nom'cn
805 868 931 934 hostis:
950 889 1029 932 nam
1041 867 1069 932 si
1077 867 1284 964 probabilius

194 975 208 1021 ·,
241 955 272 1020 ei
290 953 397 1019 visum
412 949 528 1018 {uisset
546 975 581 1016 se
603 951 644 1016 ad
666 949 770 1020 fitium
792 955 918 1034 venire,
948 963 1008 1030 cjur
1030 954 1066 1018 in
1088 975 1164 1041 ipso
1187 977 1283 1020 com-

239 1041 342 1128 plexu
363 1059 476 1102 rursus
493 1037 702 1124 quaesivisset
716 1038 758 1103 de
773 1037 842 1104 hac
857 1061 894 1104 re
907 1033 1027 1102 dultia?
1042 1038 1211 1126 Denique
1234 1043 1282 1107 vir

240 1125 459 1204 doctissimus,
483 1143 588 1208 quum
603 1125 795 1210 nuperrime
811 1149 830 1190 e
847 1123 1003 1189 Matthiae
1018 1125 1065 1188 im
1091 1137 1281 1210 ugnaretur,

237 1209 423 1312 perfugium
442 1207 503 1271 sibi
522 1217 675 1293 apertum
687 1209 769 1272 vidit
784 1210 818 1274 in
830 1208 1017 1298 ‘praeceptis
1040 1211 1049 1273 i
1080 1211 1086 1222 '
1114 1257 1125 1289 ‚
1188 1211 1280 1276 nibus

236 1320 273 1362 ln
287 1293 437 1382 Append.
461 1315 496 1379 p.
513 1297 566 1358 23.
591 1292 743 1369 doceret,
773 1315 843 1359 esse
867 1295 1134 1382 interrogationis
1157 1233 1280 1384 duplex

238 1384 360 1482 genus,
384 1379 523 1442 alterum
534 1379 571 1442 in
588 1377 811 1446 confirmanda
828 1379 934 1467 aliqua
949 1382 1118 1461 sententia,
1140 1381 1280 1447 alterum

237 1491 273 1533 1n
296 1463 471 1535 reiicienda
494 1463 769 1536 adversariorum,
788 1463 874 1550 falsa,
899 1466 1055 1546 opinione
1082 1465 1278 1533 adhibitum.

238 1552 340 1634 Quod
354 1561 484 1615 tantum
500 1549 590 1614 abest
599 1597 609 1631 ,
629 1551 870 1615 nt'assensione
885 1547 1161 1638 comprobemus,
1184 1563 1221 1616 ut
1237 1555 1278 1620 ita

73 1716 75 1738 ,
148 1681 150 1686 ·
237 1653 442 1706 censeamusc
475 1656 716 1732 quamcumque
736 1635 1032 1734 interrogationem
1054 1659 1115 1722 per
1138 1661 1187 1701 nn
1204 1637 1278 1703 for-

231 1735 359 1799 matam
373 1723 530 1785 inservire
546 1716 654 1806 ahquo
678 1720 783 1786 modo
799 1723 1020 1809 oppositioni,
1042 1723 1109 1785 sive
1125 1723 1278 1788 adversa-

235 1813 300 1874 sius
317 1805 432 1891 aliquis
449 1803 662 1884 reiiciendus,
692 1805 759 1870 sive
784 1807 1134 1872 contrariasentcntia
1156 1808 1277 1895 profe-

233 1891 356 1969 renda,
376 1889 443 1955 sive
465 1889 552 1954 aliud
576 1890 655 1976 quid
675 1889 840 1955 rhetorica
862 1892 1046 1977 inversione
1066 1890 1277 1960 efficiendum

207 2039 211 2057 ,
233 1979 288 2050 sit.
329 1977 415 2042 Nam
431 1974 575 2064 pertinet
588 1985 679 2039 totus
701 1970 755 2040 hic
773 1975 850 2040 ustis
867 1977 907 2041 nd
931 1974 1035 2042 arteni
1058 1977 1273 2060 rhetoricam,

231 2087 293 2130 nec
311 2064 435 2129 diversa
450 2061 602 2126 dictionis
618 2082 736 2146 genera
751 2084 914 2151 ponamus
929 2083 1060 2127 necesse
1075 2063 1147 2130 erit.
1191 2064 1276 2130 Illud

122 2147 123 2154 '
233 2163 345 2216 tamen
369 2147 495 2228 miror,
519 2145 749 2212 Gernhardnm
770 2169 841 2222 non
867 2150 1063 2237 quaesivisse
1084 2149 1126 2212 dc
1147 2151 1274 2216 indiciis

127 2243 153 2273 ‘⁸
229 2237 323 2302 istius
337 2225 543 2301 discriminis
585 2227 674 2300 Nam
691 2231 770 2322 quid
784 2233 933 2324 impedit,
961 2251 1028 2385 (ino
1044 2225 1163 2306 minus·
1177 2237 1271 2302 verba

143 2339 146 2344 ’
231 2324 366 2388 Terent.
390 2319 526 2386 Phorm.
550 2327 589 2404 2,
612 2327 656 2402 2,
674 2323 727 2386 44.
755 2319 908 2408 nostron’
931 2339 970 2386 cu
979 2339 1034 2408 pu
1056 2344 1099 2386 en·
1117 2333 1198 2403 cst,
1227 2347 1275 2387 an

230 2403 405 2474 iudicum?
423 2407 467 2470 ita
490 2407 703 2494 accipiamust
730 2429 844 2477 nonne
861 2417 975 2471 nostra
991 2405 1112 2493 culpa,¹
1127 2425 1170 2472 an
1184 2408 1273 2482 iudi-

138 2485 140 2494 ’
230 2488 328 2558 oum?
350 2489 477 2556 etfflud
499 2491 568 2554 Cic.
595 2491 635 2555 de
652 2491 743 2554 Orac
767 2497 808 2566 3,
831 2497 892 2573 29,
921 2493 993 2556 114.
1024 2495 1199 2568 naturane
1220 2493 1273 2558 ins

228 2580 275 2644 ait
291 2575 546 2644 interhominoa
569 2597 652 2639 nno
678 2574 848 2641 inionibus
865 2575 930 2664 pro
952 2576 1023 2642 his=
1051 2599 1135 2642 num
1154 2589 1273 2645 natum

50 2687 59 2702 ¹
169 2697 171 2701 ·
227 2667 278 2732 ius
296 2664 355 2739 sit,
379 2684 420 2727 an
437 2597 676 2748 opinionibuin
698 2661 766 2740 Qui
786 2661 875 2745 enim
890 2657 938 2743 fit,
956 2673 994 2726 ut
1019 2661 1083 2727 hoc
1102 2685 1201 2728 sensu
1220 2665 1273 2729 di-

80 2792 82 2803 ·
132 2795 134 2799 -
227 2772 300 2823 cere
316 2757 488 2836 oporteat,
511 2743 769 2836 opinionibusne
793 2771 840 2814 an
861 2744 1015 2813 natura?
1048 2749 1139 2835 quod
1162 2751 1273 2815 Gcrn-

225 2833 331 2900 hardo
348 2832 486 2898 videtur.
512 2833 580 2898 Cur
594 2831 725 2920 scripsit
742 2833 858 2898 Cicero
876 2833 959 2898 Phil.
979 2839 1029 2915 10,
1053 2841 1085 2915 2,
1106 2835 1139 2900 5.
1163 2858 1272 2922 quae

225 2918 393 2986 rerenon
404 2929 562 3003 poterat.-
597 2919 673 3000 euin
693 2917 881 2985 Attonitae
903 2917 1051 2984 similem
1071 2919 1193 2998 malis,
1225 2945 1272 2986 nn

225 3002 354 3072 Bruti?
372 3005 471 3070 Deest
486 3003 586 3090 igitur
599 3002 703 3066 ratior
721 3016 828 3088 neque
845 3003 924 3085 ista,
949 3025 1032 3090 quae
1049 3001 1144 3068 affert
1160 3007 1271 3072 Geru-

177 3127 181 3141 ν
224 3091 345 3157 hardus
363 3089 535 3176 exempla,
556 3088 592 3150 in
607 3108 642 3150 se
658 3085 797 3167 habent,
851 3109 894 3152 uo
917 3087 1093 3156 adversarii
1115 3089 1271 3156 reiician-

191 3245 205 3260 „.
224 3187 301 3258 tur,
321 3176 378 3240 sed
393 3195 465 3241 rem
480 3193 522 3235 ex
538 3181 674 3256 unaque
686 3181 780 3270 perte
795 3171 839 3236 du
862 3173 940 3238 iam.
990 3175 1066 3240 Atia
1085 3177 1185 3253 etiam
1209 3175 1271 3242 de-

223 3270 310 3326 creta
342 3259 550 3328 Hermannus
581 3253 660 3320 fecit
683 3277 719 3321 rn
743 3255 961 3346 Ephemerid.¹
986 3261 1079 3348 Lips.
1113 3283 1141 3324 a.
1174 3266 1269 3344 1812.

222 3367 259 3434 p.
279 3347 370 3417 108„
394 3363 477 3429 quae
498 3341 606 3406 latinis
622 3341 729 3407 verbis
743 3341 884 3417 reddidit
897 3343 1030 3409 Beierus
1051 3343 1092 3408 ad
1113 3345 1183 3409 Cic.
1201 3346 1270 3412 off.

213 3437 261 3511 ,1,
285 3434 336 3496 14.
357 3449 391 3515 p.
411 3431 481 3492 116.
523 3425 581 3492 Ille
596 3428 686 3492 enim
699 3428 1003 3516 interrogationem,
1029 3451 1093 3527 qua
1105 3431 1179 3516 quis
1196 3454 1270 3496 non

76 3579 78 3589 ,
157 3544 159 3548 ·
222 3525 292 3580 tam
308 3522 451 3602 quaerit,
484 3512 575 3598 quod
592 3513 711 3588 nescit,
743 3534 841 3598 quam
855 3513 909 3588 id,
932 3514 1023 3602 quod
1045 3537 1116 3602 ipse
1141 3517 1187 3580 ait
1212 3527 1271 3580 aut

133 3593 136 3599 ’
220 3622 263 3665 ne
286 3609 334 3676 at,
359 3597 399 3664 ab
422 3597 491 3662 aliis
508 3595 742 3660 confirmatum
761 3598 849 3674 vult,
886 3599 1087 3664 rhetoricam
1108 3601 1269 3688 appellat,

141 3680 153 3697 ‘
221 3625 354 3750 sedeur
368 3684 430 3748 ista
449 3682 626 3746 sententiae
644 3680 853 3748 confirmatio
871 3705 942 3750 non
962 3685 1025 3748 nisi
1048 3707 1110 3772 per
1128 3697 1272 3751 contra-

185 3799 187 3804 ·
221 3770 289 3836 riae
304 3768 483 3834 sententiae
499 3769 721 3852 negationem
743 3765 819 3852 fiat,
856 3790 927 3834 non
958 3769 1117 3851 declarat,
1157 3794 1272 3860 neque

112 3871 117 3894 τ
143 3855 193 3908 “,’
221 3856 319 3945 etiam
348 3855 503 3944 exponit,
540 3873 607 3938 quo
634 3851 800 3934 rhetorica
825 3855 1059 3952 interrogatio,
1100 3873 1167 3942 qua
1209 3859 1270 3944 qui

99 3983 106 3991 .
131 3949 133 3954 ’
244 3938 348 4006 uaerit
364 3959 434 4000 non
446 3959 542 4002 suam
557 3933 825 4020 sententiamsed
841 3929 1038 4022 contrurram
1055 3945 1271 4026 pronuntiet,

220 3964 259 4092 ib
278 4050 314 4090 ea
331 4022 475 4104 diflerat,
499 4043 581 4108 quae
601 4045 677 4087 cum
692 4024 800 4089 ironia
817 4025 990 4090 coniuncta
1010 4026 1110 4090 etiam
1125 4038 1268 4098 contra-

218 4113 302 4204 riam
316 4108 509 4210 sententiam
532 4119 712 4200 proponat.
755 4107 819 4178 Sed
841 4109 921 4181 haec
945 4110 1054 4192 ironic
1071 4115 1267 4192 commune
