2726 4746
407 311 607 392 stnsr.
645 290 723 391 ur:
886 297 889 306 ’
962 395 966 408 ,
1076 295 1140 392 sis
1196 369 1199 375 .
1303 308 1307 323 ‘

88 499 93 505 ·
166 475 248 530 Acsd.
265 473 284 526 2
294 513 302 540 ,
322 473 364 532 16.
377 473 420 528 52.
450 473 526 532 Num
551 493 642 534 censes
666 473 787 534 Ennium
797 431 907 549 :mm
928 477 1141 536 intorsissem

171 563 230 617 Sor.
249 557 361 626 Galba,
386 563 478 615 vicino
490 579 565 627 suo,
588 561 804 626 ambulavisset,
832 563 953 618 didisse:
965 565 1053 618 'visus
1079 586 1141 620 sum

103 697 105 704 ,
140 681 142 686 ,
164 645 233 700 mitt
249 665 309 698 eom
329 643 424 698 Galim
441 635 606 702 ambulare?
622 651 662 702 Ac
678 663 760 721 quum
782 635 948 713 somniauit,
967 654 1009 706 itu
1026 663 1141 707 narrate
1167 677 1173 696 ι

52 800 55 808 ‚
163 733 244 786 visus
264 731 398 794 Homerus
415 731 513 786 adesso
531 744 627 804 pocta.

183 833 355 900 ‹Negationis
370 837 515 906 exemplum
532 854 610 889 unum
627 837 705 888 modo
730 835 837 889 offeram
859 837 893 888 ob
914 837 1024 888 formam
1041 857 1139 908 peren-

164 916 256 969 thesis.
292 920 357 971 Stat.
376 921 458 974 Theb.
475 919 501 985 4,
524 919 583 976 123.
602 920 699 976 dexter
718 919 815 976 iaccho
835 921 919 976 collis
936 925 987 992 (at
1004 923 1141 992 Ennaeas

169 1002 262 1058 Cereri
279 1004 377 1074 negat)
397 1009 465 1061 avia
484 1003 587 1080 Dyme.
933 1047 936 1053 Δ
1095 1047 1097 1052 .
1133 1021 1139 1032 ‘
1210 1023 1212 1037 ·

179 1109 210 1170 8.
238 1105 431 1186 Quaesitum
451 1117 501 1172 est
520 1106 560 1171 de
577 1105 763 1171 discrimine
788 1106 1059 1172 coniunctionum
1081 1107 1149 1175 ad·'
1248 1145 1253 1164 x

38 1195 41 1208 “
92 1192 349 1265 versutivarum‚
375 1189 804 1282 sedplerumqueirustre:
834 1215 912 1257 num
929 1215 1012 1280 qune
1026 1217 1141 1280 grum-

91 1276 208 1340 ‘mntici
223 1275 426 1358 docuerunt,
451 1277 596 1366 plutima
611 1287 667 1362 aut
684 1275 783 1359 falsa,
814 1287 870 1342 uut
892 1299 963 1342 non
985 1279 1061 1344 setis
1086 1281 1140 1345 di·

93 1360 212 1426 stincto
228 1373 315 1426 sunt
356 1362 489 1429 Falsum
505 1363 599 1428 enim'
616 1373 683 1445 est,
709 1363 798 1448 quod
817 1364 993 1450 Zumptius
1008 1367 1140 1449 msto.
1243 1410 1246 1422 ι

93 1455 126 1509 et
142 1446 325 1514 Doclekius
345 1470 377 1535 p.
398 1453 477 1526 133„
488 1448 659 1526 dixerunt,
682 1471 742 1535 per
765 1447 826 1514 sed
848 1451 991 1536 exprimi
1016 1460 1142 1516 rectum

93 1532 362 1619 oppositionem:
400 1556 437 1598 es
461 1544 589 1613 entem,
627 1555 709 1618 quac
734 1533 971 1598 anshornius
996 1535 1141 1624 disputat

94 1639 131 1704 p·
150 1619 226 1685 540.
243 1639 377 1696 vereor,
407 1639 450 1682 ne
467 1617 604 1706 mirifice
620 1620 688 1704 ipsc
708 1639 819 1684 secum
844 1629 1010 1707 pugnent,
1028 1631 1060 1700 et
1075 1620 1141 1684 ob·

89 1705 247 1768 -scuritate
262 1703 413 1767 laborent
430 1703 650 1769 vehomenter.
680 1703 767 1785 Sed,
791 1727 832 1769 ex
848 1727 883 1769 se
899 1703 1034 1782 foetum,
1059 1727 1140 1791 pro-

93 1789 205 1874 prium
220 1789 288 1854 vim
308 1788 406 1853 habet
431 1789 637 1870 secludendi,
666 1811 774 1874 eoque
796 1789 932 1854 nominc
959 1785 1069 1854 differt
1098 1791 1138 1854 sb

90 1883 144 1936 at.
186 1872 224 1939 Id
244 1873 331 1938 enim
347 1874 469 1940 iudicat
485 1896 557 1938 rem
576 1876 775 1938 contrariom
794 1884 850 1938 sut
866 1885 983 1938 contro
999 1875 1142 1962 opposi-

59 1953 61 1958 ’
92 1968 182 2036 tom,
203 1955 266 2022 sed
279 1977 348 2020 non
365 1960 526 2044 opponit,
548 1957 606 2022 sed
620 1959 758 2022 secernit
772 1969 802 2022 et
817 1961 958 2046 opponit
972 1959 1026 2034 id,
1050 1961 1152 2046 quod*

91 2039 362 2128 distinguendum
379 2044 517 2108 videtur.
560 2043 671 2108 Veluti
687 2043 744 2130 qui
759 2043 839 2111 dicit
861 2043 954 2108 diues
979 2055 1049 2122 est,
1080 2045 1142 2110 sed

93 2149 163 2191 uon
180 2124 326 2212 probus,
354 2127 425 2193 'hoc
454 2128 542 2203 vult,
574 2139 761 2215 praeterea,
792 2127 884 2277 puori
910 2129 1026 2214 uliquis
1051 2127 1141 2194 dives

91 2212 154 2289 sit,
174 2233 256 2278 eum
274 2233 344 2276 non
365 2211 511 2300 probum
526 2234 613 2280 esso:
637 2217 704 2279 sive
721 2213 778 2299 qui
815 2214 954 2278 icitncn
971 2213 1141 2296 dicerent,

92 2296 157 2386 sed
164 2295 314 2385 probum?
332 2298 366 2364 in
382 2319 439 2378 eo,
462 2299 604 2384 quinon
620 2299 709 2366 dives
728 2309 786 2380 est,
805 2298 1006 2387 probitatem
1022 2297 1142 2364 distin-

93 2384 174 2468 guit
218 2383 459 2465 Quumuutem
474 2383 550 2450 dico
567 2382 660 2448 dives
677 2394 749 2458 cst,
786 2395 824 2449 ot
839 2383 1065 2470 comprobas,
1090 2385 1141 2470 di-

92 2469 179 2536 vitiis
204 2489 224 2532 o
250 2489 341 2555 pono
360 2468 534 2556 probitatis
550 2467 717 2535 desectum
737 2471 801 2547 ita,
829 2479 866 2533 ut
880 2469 951 2534 illas
970 2492 1038 2534 esse
1056 2491 1142 2534 oon-

92 2491 321 2631 cedensirunc
335 2565 445 2621 temen
461 2577 531 2620 esso
546 2577 677 2640 negem,
687 2551 747 2622 nec
764 2565 893 2619 tuntum
910 2554 1142 2636 diversitatem,
1210 2633 1223 2652 l

93 2641 153 2706 sed
177 2641 424 2726 oppositionem
454 2642 504 2706 rei
535 2641 718 2708 deficientis
742 2652 775 2706 et
794 2643 842 2707 rei
869 2663 937 2706 non
963 2639 1142 2708 deficientis
1170 2675 1171 2680 ¹

94 2747 283 2814 agnoscam.
326 2723 456 2791 Tamen
474 2726 557 2793 nihil
581 2728 742 2815 impedit,
771 2747 837 2812 quo
853 2727 962 2793 miuus
978 2728 1143 2792 contrariu

93 2813 192 2876 etium
214 2820 350 2896 sequuta
369 2811 497 2875 ratione
520 2822 783 2898 componanturz
815 2833 917 2897 querc
941 2821 1029 2876 recte
1055 2811 1148 2878 dici-

92 2909 167 2962 turr
204 2896 351 2961 colentes
388 2919 430 2962 oc
456 2919 525 2960 nou
554 2897 669 2961 coacti
697 2897 768 2961 Liv.
794 2899 855 2976 ut,
877 2901 937 2978 37,
960 2901 992 2960 8.
1036 2900 1171 2985 Atque'

91 2993 170 3048 sunt
185 2982 385 3068 scriptores,
409 2982 465 3068 qui
482 3002 577 3047 usum
594 2981 831 3070 particulorum
847 2992 885 3045 at
900 2993 933 3046 et
947 2979 1007 3046 sed
1025 3005 1142 3069 porum

91 3069 270 3158 diligenter
286 3065 503 3155 distinguent:
528 3070 564 3134 in
586 3068 705 3155 quibus
723 3065 834 3134 Celsus
851 3077 883 3130 ct
901 3067 1045 3132 Curtius.

196 3161 294 3240 Errdnt
319 3187 397 3239 etium
420 3187 456 3252 ii,
483 3188 527 3258 qni
550 3197 659 3258 putent,
685 3197 717 3240 at
741 3205 798 3240 esse
825 3205 903 3257 posse
927 3197 1088 3258 praetcrea,
1113 3197 1148 3242 ct‘

162 3291 242 3344 quom
258 3273 330 3342 apud
344 3273 398 3324 Cic.
420 3272 502 3340 Epist.
517 3272 551 3325 ud
567 3275 638 3326 Fsm.
657 3270 684 3340 4,
701 3272 727 3327 3.
743 3273 772 3323 in
790 3271 923 3325 codicibus
942 3275 1060 3342 legator:
1078 3295 1144 3329 nam

162 3357 239 3430 quod
256 3355 385 3426 exemplo
400 3351 461 3427 fit,
480 3355 512 3412 id
528 3359 614 3411 etiam
632 3359 691 3412 iure
701 3354 776 3428 fieri
793 3361 915 3428 putante
933 3367 960 3411 et
977 3356 1086 3430 aliquid
1101 3377 1144 3414 ar·
1216 3377 1218 3382 ·

161 3457 218 3514 pue
233 3440 304 3494 adeo
324 3441 413 3494 multa
434 3441 543 3496 addunt
561 3454 589 3495 st
608 3439 732 3514 afferunt
758 3440 794 3494 dc
818 3457 877 3496 ruo.
902 3443 1067 3496 scribendum
1087 3463 1144 3498 esse

162 3537 195 3581 at
220 3524 337 3596 aliquid.
372 3528 412 3578 Ibi
438 3527 507 3578 enirn
535 3527 557 3578 si
583 3528 714 3596 legeretur
733 3537 780 3591 ot,
805 3539 922 3598 potestus
941 3529 1013 3579 verbi
1034 3529 1145 3604 aliquid

160 3605 319 3678 augeretui,
357 3620 386 3661 ut
413 3622 481 3664 esset
507 3611 643 3681 multum,
677 3615 747 3684 quod
773 3613 807 3666 ob
837 3613 971 3683 sequentis
1000 3613 1058 3666 fieri
1089 3634 1143 3670 uon

123 3738 126 3750 i
163 3704 261 3766 potest.

198 3797 289 3850 Celsus
312 3795 346 3860 2,
373 3795 422 3860 12,
446 3797 478 3850 2:
496 3778 568 3852 aeris
591 3809 684 3853 autem
704 3811 744 3855 est
770 3803 878 3854 marina
897 3818 989 3871 aqua,
1018 3799 1144 3855 celatia

163 3881 227 3936 solo
243 3881 373 3943 adiectos
396 3891 429 3932 ot
448 3892 563 3954 utraque
580 3882 694 3947 decocta
708 3885 886 3940 commodior.
923 3887 964 3936 Ita
983 3887 1141 3938 Lindenius:
1198 3935 1205 3960 p

162 3967 210 4018 olii
236 3966 366 4018 dederunt
387 3977 471 4040 atque
495 3977 632 4040 utraque..
668 3968 757 4022 celsus
788 3985 842 4022 non
868 3971 947 4023 semel
973 3971 1011 4034 ite
1036 3981 1067 4022 at
1086 3987 1141 4040 -pro
1222 3963 1226 3972 ’

165 4051 216 4108 ssd
238 4053 335 4121 posuit.
411 4069 414 4076 ¹

150 4141 160 4150 ”
200 4157 320 4226 Propert.
345 4150 383 4218 ἒ,
403 4151 439 4220 7,
465 4152 489 4206 1.
514 4155 617 4224 gavisa
641 4163 682 4208 cst
708 4153 938 4238 cortelsublatam
964 4155 1087 4230 Cynthia
1107 4133 1164 4211 tes
