2760 4748
182 335 184 340 ,
246 302 310 406 110
429 361 432 371 ,
683 307 841 380 enati.

354 455 409 508 cte.
424 457 458 510 111
469 458 540 512 Fam.
562 459 596 526 1,
609 461 643 528 9,
657 463 701 518 74.
720 465 834 538 Appias
854 468 884 520 in
907 463 1079 520 sermonibus
1099 478 1185 522 antea
1207 468 1289 524 dicti·

235 575 244 583 ·
315 537 414 596 sebae
430 556 531 614 postea
546 545 619 602 dixit
632 552 721 608 etiam
734 556 764 606 in
779 563 884 608 senatu.
920 557 992 604 Orat.
1009 553 1036 616 2,
1053 551 1080 604 6.
1095 565 1125 608 et
1141 551 1212 606 clari
1218 551 1288 624 sae·

240 655 250 680 1
314 636 398 690 ruat,
427 639 455 681 et
469 640 552 683 antea
564 628 701 702 juerant,
719 657 768 692 neo
783 649 883 708 postea
896 633 1065 707 defecerant.
1101 641 1211 692 sueton.
1227 643 1288 692 Do-

313 708 370 776 mit.
393 709 420 766 2.
451 717 577 782 poeticae
603 720 726 773 studium
749 733 808 774 tam
829 727 964 778 insuetam
991 734 1075 775 antea
1099 721 1171 788 sibi,
1204 744 1287 796 qaam

313 805 414 860 postea
430 809 552 868 spretam
566 813 595 856 et
607 801 751 859 abiectam.
769 808 822 860 Cic.
840 809 874 860 ed
891 813 945 860 Art.
967 809 992 871 1,
1011 808 1053 860 11.
1072 819 1100 861 et
1114 828 1176 862 mea
1187 823 1288 880 sponte

306 871 453 948 faciebam
475 897 573 951 antea,
596 901 624 942 et
641 902 708 960 post
723 890 831 948 duabus
848 892 977 962 epistolis
999 896 1056 948 tuis
1069 921 1103 935 -
1119 897 1287 966 magnopere

258 1029 261 1036 Ι
313 978 547 1032 samrommotus·
581 973 614 1037 4,
631 975 656 1029 3.
681 983 781 1030 etenim
800 990 900 1041 antea,
917 997 1000 1047 quam
1013 977 1146 1042 iudicium
1160 980 1286 1045 nolebat,

314 1044 436 1106 babebat
457 1054 507 1107 tlte
531 1058 640 1127 quidem
663 1055 811 1133 difficilem
833 1059 1066 1134 manifestamque
1087 1084 1215 1119 caussam
1233 1087 1287 1121 -1

314 1125 383 1201 post
398 1134 449 1191 bas
464 1143 558 1206 ricinos
577 1155 628 1196 etc.
655 1146 688 1200 de
706 1147 757 1200 off.
770 1148 803 1214 2,
819 1147 853 1212 8,
870 1147 913 1200 27.
936 1152 1036 1203 sensim
1049 1149 1121 1202 banc
1143 1165 1289 1206 consueta·

314 1215 407 1272 dinem
422 1234 450 1275 et
464 1223 643 1296 disciplinam
664 1235 721 1284 iam
738 1243 822 1284 antea
840 1230 1043 1298 minabamur,
1060 1245 1128 1304 post
1140 1255 1207 1290 cero
1224 1239 1286 1291 Sat

312 1298 360 1354 lae
373 1309 518 1362 uictoriam
534 1316 646 1380 penitus
669 1317 821 1372 centisimus.
854 1317 888 1368 ad
905 1322 959 1371 Att.
976 1317 1011 1383 7,
1029 1317 1055 1374 3.
1073 1339 1130 1374 non
1148 1323 1286 1376 accusabi-

313 1403 378 1438 mur
393 1393 527 1458 posthac.-
553 1415 640 1466 neque
654 1399 763 1457 bucule
775 1411 860 1455 antea
873 1401 1045 1472 negligentes
1055 1400 1176 1473 fuimus.
1214 1409 1286 1470 curt.

312 1469 347 1533 31
365 1472 399 1538 8,
418 1477 459 1529 10·
483 1481 631 1536 terribilem
651 1496 736 1540 antea
756 1505 862 1558 regem,
880 1499 915 1526 ·'-·
932 1499 1117 1558 posteaquam
1135 1485 1286 1549 additae

313 1569 345 1606 se
357 1563 486 1627 senserit,
509 1579 625 1640 acuatum
641 1589 692 1642 pro
706 1573 850 1626 temerario
863 1565 978 1637 factum
993 1572 1137 1630 delituisse
1151 1587 1204 1627 etc.

361 1659 415 1714 Cic.
433 1684 459 1732 p.
477 1668 534 1720 Mil.
551 1669 601 1734 21,
619 1668 662 1723 55.
679 1690 785 1740 semper
799 1669 849 1725 ille
863 1681 946 1722 antea
960 1690 1136 1739 cantusare,
1155 1687 1214 1730 tum
1228 1683 1286 1736 sine

311 1759 355 1796 ea.
388 1747 445 1801 Liv.
468 1751 521 1815 23,
546 1753 595 1816 19,
624 1755 665 1806 15.
692 1758 740 1826 qui
765 1755 874 1808 nullam
891 1767 974 1808 antea
993 1761 1153 1825 pactionem
1175 1764 1286 1818 auribus

256 1861 259 1868 ·
312 1827 482 1896 admiserat,
514 1848 571 1890 tam
587 1839 696 1892 demum
714 1843 763 1910 agi
782 1858 872 1893 secum
891 1849 933 1892 est
949 1858 1051 1909 passas
1070 1841 1106 1894 de
1119 1845 1285 1902 redemtione

229 1941 233 1956 .
314 1905 463 1968 liberorum
480 1924 611 1989 capitum.
645 1926 702 1977 Liv.
719 1925 769 1989 29,
787 1924 879 1988 9,12.
898 1934 1008 1995 etqaae
1026 1937 1110 1984 antea
1127 1949 1179 1999 per
1195 1931 1284 1988 libidi-

313 2012 376 2048 nem
391 2010 420 2050 et
431 2009 580 2060 avaritiam
589 2005 685 2076 foeda
708 2007 836 2079 exempla
853 2013 882 2064 in
896 2013 989 2068 societ
1005 2010 1149 2076 ediderat»
1170 2025 1236 2070 tunt
1250 2015 1283 2070 ab
1356 2061 1357 2066 =

311 2079 354 2132 ira
369 2083 540 2157 multiplicia
553 2092 641 2147 edere.

262 2263 268 2278 Ι
295 2250 297 2256 ,
327 2181 359 2246 4.
389 2183 437 2250 Ita
454 2193 552 2257 etiam
568 2209 785 2285 opponuntur
799 2195 936 2260 nomine
953 2199 1115 2296 temporis
1129 2224 1284 2288 praesen·

244 2272 286 2326 tie
302 2276 334 2328 et
348 2275 508 2354 proximi.
549 2281 663 2371 Neque
687 2306 764 2348 vero
784 2305 914 2370 semper
930 2283 1122 2370 intelligitur
1145 2297 1283 2376 tempus,

246 2353 336 2438 quod
354 2355 394 2417 od
411 2369 677 2454 praesentesque
692 2368 886 2460 pertinebat,
906 2367 961 2432 sed
977 2371 1211 2460 quodcumque
1225 2399 1283 2438 an·

243 2437 395 2501 teeedens
418 2466 488 2509 non
516 2449 697 2517 definitum.
754 2455 936 2520 Nectuntur
962 2453 1023 2518 hae
1048 2467 1159 2543 partes
1189 2483 1282 2550 saepe

244 2538 306 2608 per
317 2533 352 2584 et
371 2559 408 2573 ·-
425 2539 475 2607 et,
497 2553 598 2620 quum
613 2573 654 2587 ·-
669 2550 751 2604 tum.

348 2643 403 2696 Cic.
416 2665 443 2715 p.
460 2650 524 2718 Leg.
539 2655 610 2707 Man.
625 2655 659 2723 5,
677 2656 718 2709 13.
739 2655 810 2710 lianc
823 2655 976 2728 audiebant
994 2670 1077 2712 antea
1086 2698 1094 2724 ,
1119 2681 1192 2714 nanc
1207 2681 1282 2730 prae·
1356 2703 1357 2750 3

311 2739 417 2784 sentem
430 2734 526 2800 vident
542 2748 623 2791 tanta
639 2744 822 2810 temperantia
837 2754 887 2799 etc.
923 2744 957 2794 ad
971 2747 1042 2796 Fam.
1058 2745 1092 2810 9,
1111 2746 1160 2813 16,
1180 2747 1222 2800 17.
1232 2743 1282 2818 fa·

299 2811 420 2879 ,tilitate
433 2837 494 2874 mea
508 2825 564 2876 ista
576 2819 744 2894 ferebantur
757 2841 856 2892 antea,
874 2849 949 2886 nunc(
960 2841 1068 2882 mutata
1080 2849 1124 2884 res
1138 2841 1191 2885 est·

343 2917 400 2970 Liv.
415 2918 451 2987 5,
470 2924 558 2992 17‚(7.
574 2939 658 2983 antea
670 2947 699 2984 se
716 2931 747 2984 id
764 2929 924 2987 Veientibus
940 2949 1072 3004 negasse,
1089 2958 1126 2972 -
1142 2953 1214 2988 nunc
1230 2939 1291 2990 iam.

306 3016 361 3071 pro
380 3022 410 3058 se
425 3003 577 3076 fortunam
602 3032 679 3066 suam
701 3015 761 3068 iliis
784 3036 893 3088 negare.
927 3015 961 3079 5,
980 3017 1013 3080 2,
1039 3017 1082 3067 10·
1107 3029 1191 3072 antea
1212 3023 1280 3072 trina

194 3111 200 3126 .
310 3079 645 3150 1000·οη11110111111110111
664 3116 770 3150 samma
793 3103 927 3175 patricios
943 3101 1055 3171 explere
1077 3102 1197 3157 solitos:
1214 3125 1280 3158 nunc

284 3163 290 3176 ⁸
307 3172 366 3223 iam
379 3179 521 3248 octoiuges
528 3179 567 3230 acl
575 3181 691 3248 imperia
700 3181 850 3237 obtinenda
859 3188 907 3239 ire.
941 3183 982 3250 13,
993 3182 1036 3250 41,
1045 3185 1071 3238 3.
1089 3189 1143 3238 Cic.
1160 3189 1190 3240 in
1205 3193 1277 3242 Verr.

192 3257 207 3309 '.
308 3251 342 3314 3,
360 3254 411 3322 57,
431 3260 488 3312 130.
503 3280 565 3314 -non
578 3262 630 3316 boc
644 3285 715 3318 nunc
731 3273 850 3339 primam
865 3269 945 3323 audit
960 3273 1086 3338 privatus
1105 3271 1141 3325 de
1159 3275 1277 3338 inimico,

270 3381 272 3386 .
306 3357 369 3391 reus
390 3343 426 3395 ab
450 3358 618 3403 accusatore.
664 3353 725 3406 Iam
752 3364 835 3414 antea
857 3358 887 3409 in
908 3355 980 3410 sella
1000 3355 1098 3412 sedens
1116 3369 1231 3440 praetor
1248 3386 1281 3400 -

308 3422 412 3479 millies
432 3428 550 3484 audivit.

345 3527 398 3581 Cic.
414 3531 480 3582 Phil.
498 3533 547 3597 10,
567 3535 600 3602 6,
620 3537 660 3590 13.
677 3542 767 3610 quiet
785 3552 869 3595 antea
888 3546 946 3596 iare
962 3542 1095 3598 laudatas
1112 3566 1130 3598 a
1146 3544 1236 3611 nobis,
1253 3556 1280 3598 et

221 3604 227 3614 “
307 3607 359 3663 boc
374 3626 498 3686 tempore
513 3622 609 3672 merito
625 3621 782 3675 laudandus
795 3635 845 3678 est.
879 3627 913 3676 ad
930 3629 1002 3678 Fam.
1019 3628 1115 3695 6,21,
1135 3631 1160 3682 1.
1195 3629 1222 3696 4,
1239 3629 1279 3695 15,

305 3683 332 3747 3.
367 3699 415 3764 11,
434 3701 468 3766 8,
484 3703 509 3754 2.
545 3703 595 3767 11,
612 3703 661 3768 30,
681 3703 706 3756 6.
726 3727 790 3760 nam
813 3727 895 3780 qnam
914 3723 998 3766 antea
1018 3703 1173 3768 distinebar
1194 3717 1279 3768 maxi·

230 3774 238 3786 “
261 3845 264 3851 ¹
308 3779 360 3829 mis
378 3787 608 3855 oceupatianibas
623 3813 676 3845 -.·
702 3801 760 3848 tum
775 3792 827 3848 boc
844 3805 967 3868 tempore
980 3797 1071 3852 multa
1086 3798 1222 3855 distineor
1235 3819 1277 3854 oe·

235 3901 238 3908 .
306 3861 469 3927 hamentius.
1042 3879 1048 3888 ’

339 3969 661 4056 010.111111111.13,17.
693 3979 787 4036 Patris
811 4002 893 4055 qaam
919 3983 1069 4056 aliquoties
1092 3997 1193 4053 antea,
1211 3999 1276 4039 tam

305 4057 433 4123 proxime
457 4055 685 4117 boc-miserrimo
711 4064 787 4120 bello
820 4068 991 4124 damascius
1010 4071 1158 4137 totamilri
1176 4073 1274 4143 patuit.

208 4169 211 4172 -
298 4137 339 4208 sic
358 4139 455 4210 affra,
472 4142 499 4212 7,
518 4145 607 4201 tter·
622 4159 705 4205 antea
717 4147 784 4225 fuit
800 4156 941 4230 ignotam
961 4174 1049 4228 nuper
1065 4165 1109 4212 est
1126 4161 1273 4230 cognitum·
