<?xml version="1.0" encoding="UTF-8"?>
<!DOCTYPE html PUBLIC "-//W3C//DTD XHTML 1.0 Transitional//EN"
    "http://www.w3.org/TR/xhtml1/DTD/xhtml1-transitional.dtd">
<html xmlns="http://www.w3.org/1999/xhtml" xml:lang="en" lang="en">
 <head>
  <title>
</title>
<meta http-equiv="Content-Type" content="text/html;charset=utf-8" />
  <meta name='ocr-system' content='tesseract 3.04.00' />
  <meta name='ocr-capabilities' content='ocr_page ocr_carea ocr_par ocr_line ocrx_word'/>
</head>
<body>
  <div class='ocr_page' id='page_1' title='image "./ferdinandihandi00torsgoog_0516.png"; bbox 0 0 2726 4746; ppageno 0'>
   <div class='ocr_carea' id='block_1_1' title="bbox 1068 275 1077 318">
    <p class='ocr_par' dir='ltr' id='par_1_1' title="bbox 1068 275 1077 318">
     <span class='ocr_line' id='line_1_1' title="bbox 1068 275 1077 318; baseline 0 0"><span class='ocrx_word' id='word_1_1' title='bbox 1068 275 1077 318; x_wconf 79' lang='lat' dir='ltr'><em>l</em></span> 
     </span>
    </p>
   </div>
   <div class='ocr_carea' id='block_1_2' title="bbox 200 305 901 410">
    <p class='ocr_par' dir='ltr' id='par_1_2' title="bbox 200 305 901 410">
     <span class='ocr_line' id='line_1_2' title="bbox 200 305 901 410; baseline -0.009 -8"><span class='ocrx_word' id='word_1_2' title='bbox 200 305 299 404; x_wconf 73' lang='lat'>&#39;494</span> <span class='ocrx_word' id='word_1_3' title='bbox 628 329 791 410; x_wconf 81' lang='lat' dir='ltr'>arovs.</span> <span class='ocrx_word' id='word_1_4' title='bbox 834 329 901 396; x_wconf 76' lang='lat' dir='ltr'>ae.</span> 
     </span>
    </p>
   </div>
   <div class='ocr_carea' id='block_1_3' title="bbox 226 450 1286 740">
    <p class='ocr_par' dir='ltr' id='par_1_3' title="bbox 226 450 1286 740">
     <span class='ocr_line' id='line_1_3' title="bbox 242 450 1285 558; baseline 0.002 -18"><span class='ocrx_word' id='word_1_5' title='bbox 242 529 250 550; x_wconf 75' lang='grc'><strong>,</strong></span> <span class='ocrx_word' id='word_1_6' title='bbox 304 485 392 556; x_wconf 54' lang='grc' dir='ltr'>ΧΑ,</span> <span class='ocrx_word' id='word_1_7' title='bbox 413 450 549 550; x_wconf 30' lang='grc'><strong>291010</strong></span> <span class='ocrx_word' id='word_1_8' title='bbox 569 495 655 538; x_wconf 84' lang='lat' dir='ltr'>antem</span> <span class='ocrx_word' id='word_1_9' title='bbox 681 485 760 538; x_wconf 88' lang='lat' dir='ltr'>modo</span> <span class='ocrx_word' id='word_1_10' title='bbox 780 483 968 550; x_wconf 84' lang='lat' dir='ltr'>Gernhardns,</span> <span class='ocrx_word' id='word_1_11' title='bbox 994 481 1173 540; x_wconf 74' lang='lat' dir='ltr'>Goerenziom</span> <span class='ocrx_word' id='word_1_12' title='bbox 1190 505 1285 558; x_wconf 85' lang='lat' dir='ltr'>sequn-</span> 
     </span>
     <span class='ocr_line' id='line_1_4' title="bbox 303 565 1286 644; baseline -0.002 -16"><span class='ocrx_word' id='word_1_13' title='bbox 303 588 363 640; x_wconf 86' lang='lat' dir='ltr'>tus,</span> <span class='ocrx_word' id='word_1_14' title='bbox 380 575 411 634; x_wconf 81' lang='lat' dir='ltr'>ia</span> <span class='ocrx_word' id='word_1_15' title='bbox 426 571 552 626; x_wconf 85' lang='lat' dir='ltr'>eiusmodi</span> <span class='ocrx_word' id='word_1_16' title='bbox 571 572 637 624; x_wconf 87' lang='lat' dir='ltr'>locis</span> <span class='ocrx_word' id='word_1_17' title='bbox 654 588 763 628; x_wconf 64' lang='lat' dir='ltr'>,sensum</span> <span class='ocrx_word' id='word_1_18' title='bbox 779 570 923 622; x_wconf 82' lang='lat' dir='ltr'>constituet</span> <span class='ocrx_word' id='word_1_19' title='bbox 940 587 988 638; x_wconf 90' lang='lat' dir='ltr'>per</span> <span class='ocrx_word' id='word_1_20' title='bbox 1007 579 1035 624; x_wconf 81' lang='lat' dir='ltr'>et</span> <span class='ocrx_word' id='word_1_21' title='bbox 1053 589 1139 636; x_wconf 67' lang='lat' dir='ltr'>rane,</span> <span class='ocrx_word' id='word_1_22' title='bbox 1169 565 1286 644; x_wconf 64' lang='lat' dir='ltr'>signidem</span> 
     </span>
     <span class='ocr_line' id='line_1_5' title="bbox 226 653 1256 740; baseline -0.004 -26"><span class='ocrx_word' id='word_1_23' title='bbox 226 691 228 700; x_wconf 54' lang='grc' dir='ltr'><strong><em>ι</em></strong></span> <span class='ocrx_word' id='word_1_24' title='bbox 305 679 360 714; x_wconf 88' lang='lat' dir='ltr'>non</span> <span class='ocrx_word' id='word_1_25' title='bbox 376 659 517 740; x_wconf 81' lang='lat' dir='ltr'>perspicio.</span> <span class='ocrx_word' id='word_1_26' title='bbox 538 657 591 710; x_wconf 84' lang='lat' dir='ltr'>vid.</span> <span class='ocrx_word' id='word_1_27' title='bbox 617 675 676 709; x_wconf 87' lang='lat' dir='ltr'>eum</span> <span class='ocrx_word' id='word_1_28' title='bbox 693 656 728 706; x_wconf 78' lang='lat' dir='ltr'>erl</span> <span class='ocrx_word' id='word_1_29' title='bbox 749 656 804 708; x_wconf 86' lang='lat' dir='ltr'><strong>Cic.</strong></span> <span class='ocrx_word' id='word_1_30' title='bbox 822 656 896 708; x_wconf 81' lang='lat' dir='ltr'>Lael.</span> <span class='ocrx_word' id='word_1_31' title='bbox 913 676 940 725; x_wconf 86' lang='lat' dir='ltr'>p.</span> <span class='ocrx_word' id='word_1_32' title='bbox 959 653 1021 710; x_wconf 80' lang='lat'>145.</span> <span class='ocrx_word' id='word_1_33' title='bbox 1037 657 1072 708; x_wconf 85' lang='lat' dir='ltr'>ad</span> <span class='ocrx_word' id='word_1_34' title='bbox 1089 659 1147 728; x_wconf 60' lang='lat' dir='ltr'>Get.</span> <span class='ocrx_word' id='word_1_35' title='bbox 1166 657 1256 728; x_wconf 80' lang='lat' dir='ltr'>p.9⁵.</span> 
     </span>
    </p>
   </div>
   <div class='ocr_carea' id='block_1_4' title="bbox 172 757 1339 1370">
    <p class='ocr_par' dir='ltr' id='par_1_4' title="bbox 234 757 1285 1193">
     <span class='ocr_line' id='line_1_6' title="bbox 321 757 1282 856; baseline -0.004 -26"><span class='ocrx_word' id='word_1_36' title='bbox 321 769 368 830; x_wconf 89' lang='grc'>17.</span> <span class='ocrx_word' id='word_1_37' title='bbox 391 757 1096 856; x_wconf 83' lang='lat' dir='ltr'>Eodemmododiciturinpreesumptione.</span> <span class='ocrx_word' id='word_1_38' title='bbox 1121 761 1282 850; x_wconf 89' lang='lat' dir='ltr'>Nampo-</span> 
     </span>
     <span class='ocr_line' id='line_1_7' title="bbox 236 843 1284 936; baseline -0.004 -21"><span class='ocrx_word' id='word_1_39' title='bbox 236 853 327 918; x_wconf 86' lang='lat' dir='ltr'>nitur</span> <span class='ocrx_word' id='word_1_40' title='bbox 340 860 460 925; x_wconf 77' lang='lat' dir='ltr'><strong>ATQVE</strong></span> <span class='ocrx_word' id='word_1_41' title='bbox 475 847 510 909; x_wconf 90' lang='lat' dir='ltr'>in</span> <span class='ocrx_word' id='word_1_42' title='bbox 527 844 776 936; x_wconf 33' lang='lat' dir='ltr'>sententiis&#39;iis,</span> <span class='ocrx_word' id='word_1_43' title='bbox 800 843 1081 930; x_wconf 79' lang='lat' dir='ltr'>quibus-aliquid,</span> <span class='ocrx_word' id='word_1_44' title='bbox 1115 847 1211 933; x_wconf 90' lang='lat' dir='ltr'>qnod</span> <span class='ocrx_word' id='word_1_45' title='bbox 1234 861 1284 914; x_wconf 87' lang='lat' dir='ltr'>aut</span> 
     </span>
     <span class='ocr_line' id='line_1_8' title="bbox 236 931 1285 1026; baseline -0.005 -24"><span class='ocrx_word' id='word_1_46' title='bbox 236 939 381 1026; x_wconf 91' lang='lat' dir='ltr'>opponi,</span> <span class='ocrx_word' id='word_1_47' title='bbox 405 943 459 997; x_wconf 91' lang='lat' dir='ltr'>aut</span> <span class='ocrx_word' id='word_1_48' title='bbox 475 932 550 996; x_wconf 90' lang='lat' dir='ltr'>addi</span> <span class='ocrx_word' id='word_1_49' title='bbox 566 932 690 1018; x_wconf 81' lang='lat' dir='ltr'><strong>possit,</strong></span> <span class='ocrx_word' id='word_1_50' title='bbox 714 933 954 1016; x_wconf 78' lang='lat' dir='ltr'>praesumitur,</span> <span class='ocrx_word' id='word_1_51' title='bbox 972 939 1004 993; x_wconf 89' lang='lat' dir='ltr'>et</span> <span class='ocrx_word' id='word_1_52' title='bbox 1022 931 1158 1015; x_wconf 88' lang='lat' dir='ltr'>quidem</span> <span class='ocrx_word' id='word_1_53' title='bbox 1180 957 1218 997; x_wconf 87' lang='lat' dir='ltr'>ea</span> <span class='ocrx_word' id='word_1_54' title='bbox 1234 959 1285 998; x_wconf 91' lang='lat' dir='ltr'>ra-</span> 
     </span>
     <span class='ocr_line' id='line_1_9' title="bbox 235 1015 1285 1107; baseline -0.005 -19"><span class='ocrx_word' id='word_1_55' title='bbox 235 1025 345 1100; x_wconf 85' lang='lat' dir='ltr'>tione,</span> <span class='ocrx_word' id='word_1_56' title='bbox 367 1039 431 1107; x_wconf 88' lang='lat' dir='ltr'>qua</span> <span class='ocrx_word' id='word_1_57' title='bbox 446 1020 478 1082; x_wconf 92' lang='lat' dir='ltr'>in</span> <span class='ocrx_word' id='word_1_58' title='bbox 497 1039 559 1080; x_wconf 91' lang='lat' dir='ltr'>una</span> <span class='ocrx_word' id='word_1_59' title='bbox 584 1016 791 1102; x_wconf 74' lang='lat' dir='ltr'>cogitationis</span> <span class='ocrx_word' id='word_1_60' title='bbox 815 1016 901 1078; x_wconf 88' lang='lat' dir='ltr'>serie</span> <span class='ocrx_word' id='word_1_61' title='bbox 920 1015 955 1079; x_wconf 93' lang='lat' dir='ltr'>id</span> <span class='ocrx_word' id='word_1_62' title='bbox 978 1036 1110 1101; x_wconf 89' lang='lat' dir='ltr'>quoque</span> <span class='ocrx_word' id='word_1_63' title='bbox 1135 1023 1285 1085; x_wconf 90' lang='lat' dir='ltr'>contine-</span> 
     </span>
     <span class='ocr_line' id='line_1_10' title="bbox 234 1101 1283 1193; baseline -0.004 -19"><span class='ocrx_word' id='word_1_64' title='bbox 234 1120 308 1183; x_wconf 88' lang='lat' dir='ltr'>tur,</span> <span class='ocrx_word' id='word_1_65' title='bbox 334 1105 424 1193; x_wconf 89' lang='lat' dir='ltr'>quod</span> <span class='ocrx_word' id='word_1_66' title='bbox 442 1103 553 1190; x_wconf 79' lang='lat' dir='ltr'>dispar</span> <span class='ocrx_word' id='word_1_67' title='bbox 569 1113 600 1166; x_wconf 89' lang='lat' dir='ltr'>et</span> <span class='ocrx_word' id='word_1_68' title='bbox 615 1103 780 1177; x_wconf 75' lang='lat' dir='ltr'>diversum</span> <span class='ocrx_word' id='word_1_69' title='bbox 801 1101 960 1180; x_wconf 88' lang='lat' dir='ltr'>videatur.</span> <span class='ocrx_word' id='word_1_70' title='bbox 1004 1101 1173 1168; x_wconf 83' lang='lat' dir='ltr'>Rhetores·</span> <span class='ocrx_word' id='word_1_71' title='bbox 1196 1107 1283 1170; x_wconf 89' lang='lat' dir='ltr'>illam</span> 
     </span>
    </p>

    <p class='ocr_par' dir='ltr' id='par_1_5' title="bbox 172 1186 1339 1370">
     <span class='ocr_line' id='line_1_11' title="bbox 200 1186 1283 1277; baseline -0.002 -19"><span class='ocrx_word' id='word_1_72' title='bbox 200 1237 205 1258; x_wconf 90' lang='lat'>.</span> <span class='ocrx_word' id='word_1_73' title='bbox 234 1193 378 1260; x_wconf 82' lang='lat' dir='ltr'>formam</span> <span class='ocrx_word' id='word_1_74' title='bbox 395 1191 498 1254; x_wconf 86' lang='lat' dir='ltr'>etiam</span> <span class='ocrx_word' id='word_1_75' title='bbox 517 1187 865 1273; x_wconf 75' lang='lat' dir='ltr'>praeoccupationem</span> <span class='ocrx_word' id='word_1_76' title='bbox 890 1186 1076 1274; x_wconf 90' lang='lat' dir='ltr'>appellant,</span> <span class='ocrx_word' id='word_1_77' title='bbox 1104 1191 1143 1254; x_wconf 89' lang='lat' dir='ltr'>in</span> <span class='ocrx_word' id='word_1_78' title='bbox 1169 1213 1237 1277; x_wconf 90' lang='lat' dir='ltr'>qua</span> <span class='ocrx_word' id='word_1_79' title='bbox 1260 1193 1283 1256; x_wconf 88' lang='lat' dir='ltr'>si</span> 
     </span>
     <span class='ocr_line' id='line_1_12' title="bbox 172 1272 1339 1370; baseline -0.011 -23"><span class='ocrx_word' id='word_1_80' title='bbox 172 1325 188 1334; x_wconf 87' lang='lat'>-·</span> <span class='ocrx_word' id='word_1_81' title='bbox 234 1283 342 1370; x_wconf 87' lang='lat' dir='ltr'>ipsam</span> <span class='ocrx_word' id='word_1_82' title='bbox 360 1274 610 1364; x_wconf 87' lang='lat' dir='ltr'>oppositionem</span> <span class='ocrx_word' id='word_1_83' title='bbox 628 1282 831 1359; x_wconf 83' lang='lat' dir='ltr'>spectamus,</span> <span class='ocrx_word' id='word_1_84' title='bbox 858 1283 896 1336; x_wconf 84' lang='lat' dir='ltr'>at</span> <span class='ocrx_word' id='word_1_85' title='bbox 912 1272 1062 1361; x_wconf 79' lang='lat' dir='ltr'>dicimus.</span> <span class='ocrx_word' id='word_1_86' title='bbox 1129 1307 1142 1335; x_wconf 67' lang='lat' dir='ltr'>e</span> <span class='ocrx_word' id='word_1_87' title='bbox 1338 1293 1339 1296; x_wconf 45' lang='lat'>¹</span> 
     </span>
    </p>
   </div>
   <div class='ocr_carea' id='block_1_5' title="bbox 175 1381 1339 2314">
    <p class='ocr_par' dir='ltr' id='par_1_6' title="bbox 240 1381 1283 1632">
     <span class='ocr_line' id='line_1_13' title="bbox 240 1381 1283 1466; baseline -0.001 -17"><span class='ocrx_word' id='word_1_88' title='bbox 240 1411 242 1416; x_wconf 87' lang='lat'>&#39;</span> <span class='ocrx_word' id='word_1_89' title='bbox 337 1399 443 1449; x_wconf 87' lang='lat' dir='ltr'>Terent.</span> <span class='ocrx_word' id='word_1_90' title='bbox 464 1393 544 1445; x_wconf 82' lang='lat' dir='ltr'>Andr.</span> <span class='ocrx_word' id='word_1_91' title='bbox 564 1389 597 1460; x_wconf 85' lang='lat'>4,</span> <span class='ocrx_word' id='word_1_92' title='bbox 615 1391 647 1453; x_wconf 89' lang='lat'>1,</span> <span class='ocrx_word' id='word_1_93' title='bbox 669 1391 710 1444; x_wconf 88' lang='grc'>16.</span> <span class='ocrx_word' id='word_1_94' title='bbox 736 1395 859 1464; x_wconf 77' lang='lat' dir='ltr'>ingeratis</span> <span class='ocrx_word' id='word_1_95' title='bbox 885 1392 962 1446; x_wconf 78' lang='lat' dir='ltr'>nacla</span> <span class='ocrx_word' id='word_1_96' title='bbox 989 1381 1100 1446; x_wconf 71' lang='lat' dir='ltr'>dalea?</span> <span class='ocrx_word' id='word_1_97' title='bbox 1126 1404 1213 1466; x_wconf 79' lang='lat' dir='ltr'>atque</span> <span class='ocrx_word' id='word_1_98' title='bbox 1233 1393 1283 1448; x_wconf 81' lang='lat' dir='ltr'>alt·</span> 
     </span>
     <span class='ocr_line' id='line_1_14' title="bbox 304 1475 1281 1558; baseline -0.005 -21"><span class='ocrx_word' id='word_1_99' title='bbox 304 1487 365 1558; x_wconf 83' lang='lat' dir='ltr'>quis</span> <span class='ocrx_word' id='word_1_100' title='bbox 386 1481 480 1544; x_wconf 83' lang='lat' dir='ltr'>dicat,</span> <span class='ocrx_word' id='word_1_101' title='bbox 508 1477 550 1531; x_wconf 88' lang='lat' dir='ltr'>nil</span> <span class='ocrx_word' id='word_1_102' title='bbox 567 1481 748 1547; x_wconf 72' lang='lat' dir='ltr'>promoveris.</span> <span class='ocrx_word' id='word_1_103' title='bbox 782 1478 989 1540; x_wconf 78' lang='lat' dir='ltr'>Quinctil.1nst.</span> <span class='ocrx_word' id='word_1_104' title='bbox 1007 1478 1041 1541; x_wconf 90' lang='lat'>8,</span> <span class='ocrx_word' id='word_1_105' title='bbox 1062 1477 1096 1544; x_wconf 84' lang='grc'>3,</span> <span class='ocrx_word' id='word_1_106' title='bbox 1115 1475 1141 1529; x_wconf 82' lang='grc'><strong>4.</strong></span> <span class='ocrx_word' id='word_1_107' title='bbox 1160 1479 1211 1532; x_wconf 71' lang='lat' dir='ltr'>nec&#39;</span> <span class='ocrx_word' id='word_1_108' title='bbox 1228 1491 1281 1532; x_wconf 83' lang='lat' dir='ltr'>tam</span> 
     </span>
     <span class='ocr_line' id='line_1_15' title="bbox 304 1561 1281 1632; baseline -0.004 -10"><span class='ocrx_word' id='word_1_109' title='bbox 304 1565 421 1625; x_wconf 81' lang='lat' dir='ltr'>insolita</span> <span class='ocrx_word' id='word_1_110' title='bbox 441 1563 503 1616; x_wconf 86' lang='lat' dir='ltr'>laus</span> <span class='ocrx_word' id='word_1_111' title='bbox 521 1573 592 1617; x_wconf 81' lang='lat' dir='ltr'>esset</span> <span class='ocrx_word' id='word_1_112' title='bbox 608 1571 779 1632; x_wconf 75' lang='lat' dir='ltr'>prosequuta</span> <span class='ocrx_word' id='word_1_113' title='bbox 798 1561 947 1629; x_wconf 73' lang='lat' dir='ltr'>dicentem,</span> <span class='ocrx_word' id='word_1_114' title='bbox 973 1567 998 1617; x_wconf 84' lang='lat' dir='ltr'>si</span> <span class='ocrx_word' id='word_1_115' title='bbox 1016 1567 1123 1618; x_wconf 84' lang='lat' dir='ltr'>usitata</span> <span class='ocrx_word' id='word_1_116' title='bbox 1141 1577 1170 1618; x_wconf 88' lang='lat' dir='ltr'>et</span> <span class='ocrx_word' id='word_1_117' title='bbox 1189 1570 1281 1618; x_wconf 81' lang='lat' dir='ltr'>ceteris</span> 
     </span>
    </p>

    <p class='ocr_par' dir='ltr' id='par_1_7' title="bbox 175 1633 1280 1721">
     <span class='ocr_line' id='line_1_16' title="bbox 175 1633 1280 1721; baseline -0.007 -13"><span class='ocrx_word' id='word_1_118' title='bbox 175 1643 191 1675; x_wconf 34' lang='grc' dir='ltr'><strong><em>ὐ</em></strong></span> <span class='ocrx_word' id='word_1_119' title='bbox 289 1633 644 1721; x_wconf 40' lang='grc' dir='ltr'>ἐἰηιὶὶίεῇιὶςεεθοναειό.</span> <span class='ocrx_word' id='word_1_120' title='bbox 681 1647 773 1716; x_wconf 84' lang='lat' dir='ltr'>Atque</span> <span class='ocrx_word' id='word_1_121' title='bbox 794 1663 845 1718; x_wconf 81' lang='lat' dir='ltr'>ego</span> <span class='ocrx_word' id='word_1_122' title='bbox 867 1647 934 1701; x_wconf 83' lang='lat' dir='ltr'>illos</span> <span class='ocrx_word' id='word_1_123' title='bbox 954 1648 1051 1712; x_wconf 80' lang='lat' dir='ltr'>credo,</span> <span class='ocrx_word' id='word_1_124' title='bbox 1080 1653 1130 1721; x_wconf 76' lang='lat' dir='ltr'>qni</span> <span class='ocrx_word' id='word_1_125' title='bbox 1155 1649 1280 1712; x_wconf 82' lang='lat' dir='ltr'>aderant,</span> 
     </span>
    </p>

    <p class='ocr_par' dir='ltr' id='par_1_8' title="bbox 253 1725 1339 2062">
     <span class='ocr_line' id='line_1_17' title="bbox 253 1725 1339 1810; baseline -0.009 -17"><span class='ocrx_word' id='word_1_126' title='bbox 253 1725 256 1732; x_wconf 21' lang='grc' dir='ltr'><strong>Δ</strong></span> <span class='ocrx_word' id='word_1_127' title='bbox 280 1752 282 1755; x_wconf 85' lang='grc'><strong>“</strong></span> <span class='ocrx_word' id='word_1_128' title='bbox 303 1759 353 1793; x_wconf 87' lang='lat' dir='ltr'>nec</span> <span class='ocrx_word' id='word_1_129' title='bbox 369 1731 590 1810; x_wconf 20' lang='lat' dir='ltr'>sensisse,kquid</span> <span class='ocrx_word' id='word_1_130' title='bbox 602 1728 733 1802; x_wconf 83' lang='lat' dir='ltr'>facerent</span> <span class='ocrx_word' id='word_1_131' title='bbox 754 1741 805 1783; x_wconf 89' lang='lat' dir='ltr'>ete.</span> <span class='ocrx_word' id='word_1_132' title='bbox 833 1732 852 1782; x_wconf 90' lang='lat' dir='ltr'>i.</span> <span class='ocrx_word' id='word_1_133' title='bbox 871 1751 895 1784; x_wconf 88' lang='lat' dir='ltr'>e.</span> <span class='ocrx_word' id='word_1_134' title='bbox 911 1733 1094 1804; x_wconf 76' lang='lat' dir='ltr'>nun&#39;glaulre</span> <span class='ocrx_word' id='word_1_135' title='bbox 1114 1732 1169 1788; x_wconf 78' lang='lat' dir='ltr'>iet.</span> <span class='ocrx_word' id='word_1_136' title='bbox 1196 1735 1278 1800; x_wconf 80' lang='lat'>10,2,</span> <span class='ocrx_word' id='word_1_137' title='bbox 1338 1795 1339 1802; x_wconf 10' lang='grc' dir='ltr'>ἵ</span> 
     </span>
     <span class='ocr_line' id='line_1_18' title="bbox 306 1806 1279 1893; baseline -0.007 -15"><span class='ocrx_word' id='word_1_138' title='bbox 306 1827 349 1878; x_wconf 74' lang='grc'><strong>20.</strong></span> <span class='ocrx_word' id='word_1_139' title='bbox 373 1833 458 1893; x_wconf 80' lang='lat' dir='ltr'>atque</span> <span class='ocrx_word' id='word_1_140' title='bbox 475 1836 527 1889; x_wconf 82' lang='lat' dir='ltr'>ego</span> <span class='ocrx_word' id='word_1_141' title='bbox 547 1815 593 1870; x_wconf 78' lang='lat' dir='ltr'>itti</span> <span class='ocrx_word' id='word_1_142' title='bbox 610 1821 786 1887; x_wconf 84' lang='lat' dir='ltr'>praeceptori</span> <span class='ocrx_word' id='word_1_143' title='bbox 804 1845 838 1856; x_wconf 95' lang='lat'><em>-</em></span> <span class='ocrx_word' id='word_1_144' title='bbox 855 1806 960 1871; x_wconf 80' lang='lat' dir='ltr'>credidi</span> <span class='ocrx_word' id='word_1_145' title='bbox 976 1836 1033 1876; x_wconf 77' lang='lat' dir='ltr'>uon</span> <span class='ocrx_word' id='word_1_146' title='bbox 1051 1839 1085 1872; x_wconf 86' lang='lat' dir='ltr'>ea</span> <span class='ocrx_word' id='word_1_147' title='bbox 1103 1819 1168 1871; x_wconf 87' lang='lat' dir='ltr'>sola</span> <span class='ocrx_word' id='word_1_148' title='bbox 1187 1819 1279 1872; x_wconf 80' lang='lat' dir='ltr'>docer-</span> 
     </span>
     <span class='ocr_line' id='line_1_19' title="bbox 302 1902 1278 1976; baseline -0.007 -12"><span class='ocrx_word' id='word_1_149' title='bbox 302 1911 340 1964; x_wconf 80' lang='lat' dir='ltr'>da</span> <span class='ocrx_word' id='word_1_150' title='bbox 359 1915 437 1968; x_wconf 77' lang='lat' dir='ltr'>esse,</span> <span class='ocrx_word' id='word_1_151' title='bbox 456 1903 495 1958; x_wconf 82' lang='lat' dir='ltr'>ad</span> <span class='ocrx_word' id='word_1_152' title='bbox 513 1921 582 1972; x_wconf 83' lang='lat' dir='ltr'>quae</span> <span class='ocrx_word' id='word_1_153' title='bbox 607 1921 739 1974; x_wconf 62' lang='lat' dir='ltr'>querique</span> <span class='ocrx_word' id='word_1_154' title='bbox 758 1902 959 1972; x_wconf 81' lang='lat' dir='ltr'>discipulorum</span> <span class='ocrx_word' id='word_1_155' title='bbox 977 1914 1078 1956; x_wconf 80' lang='lat' dir='ltr'>natura</span> <span class='ocrx_word' id='word_1_156' title='bbox 1096 1910 1278 1976; x_wconf 82' lang='lat' dir='ltr'>compositum</span> 
     </span>
     <span class='ocr_line' id='line_1_20' title="bbox 302 1976 1279 2062; baseline -0.007 -14"><span class='ocrx_word' id='word_1_157' title='bbox 302 1976 418 2048; x_wconf 77' lang='lat' dir='ltr'>videret.</span> <span class='ocrx_word' id='word_1_158' title='bbox 453 1988 620 2058; x_wconf 82' lang='lat' dir='ltr'>Spaldingius</span> <span class='ocrx_word' id='word_1_159' title='bbox 649 1987 842 2056; x_wconf 76' lang='lat' dir='ltr'>oppositionem</span> <span class='ocrx_word' id='word_1_160' title='bbox 870 1989 982 2058; x_wconf 79' lang='lat' dir='ltr'>exprimi</span> <span class='ocrx_word' id='word_1_161' title='bbox 1006 1989 1090 2041; x_wconf 85' lang='lat' dir='ltr'>voluit</span> <span class='ocrx_word' id='word_1_162' title='bbox 1112 2009 1161 2058; x_wconf 86' lang='lat' dir='ltr'>per</span> <span class='ocrx_word' id='word_1_163' title='bbox 1187 1993 1279 2062; x_wconf 81' lang='lat' dir='ltr'>atqui.-</span> 
     </span>
    </p>

    <p class='ocr_par' dir='ltr' id='par_1_9' title="bbox 220 2074 1278 2156">
     <span class='ocr_line' id='line_1_21' title="bbox 220 2074 1278 2156; baseline -0.009 -23"><span class='ocrx_word' id='word_1_164' title='bbox 220 2095 253 2156; x_wconf 46' lang='lat' dir='ltr'>s·</span> <span class='ocrx_word' id='word_1_165' title='bbox 301 2077 444 2133; x_wconf 85' lang='lat' dir='ltr'>Frotscher</span> <span class='ocrx_word' id='word_1_166' title='bbox 460 2075 593 2127; x_wconf 82' lang='lat' dir='ltr'>revocarit</span> <span class='ocrx_word' id='word_1_167' title='bbox 612 2084 712 2144; x_wconf 81' lang='lat' dir='ltr'>atque,</span> <span class='ocrx_word' id='word_1_168' title='bbox 737 2091 788 2146; x_wconf 92' lang='lat' dir='ltr'>quo</span> <span class='ocrx_word' id='word_1_169' title='bbox 808 2075 1000 2140; x_wconf 72' lang='lat' dir='ltr'>Quinctilianus</span> <span class='ocrx_word' id='word_1_170' title='bbox 1019 2074 1185 2138; x_wconf 80' lang='lat' dir='ltr'>indicatid,</span> <span class='ocrx_word' id='word_1_171' title='bbox 1214 2075 1278 2144; x_wconf 85' lang='lat' dir='ltr'>quod</span> 
     </span>
    </p>

    <p class='ocr_par' dir='ltr' id='par_1_10' title="bbox 228 2159 1277 2314">
     <span class='ocr_line' id='line_1_22' title="bbox 228 2159 1277 2232; baseline -0.006 -14"><span class='ocrx_word' id='word_1_172' title='bbox 228 2225 231 2232; x_wconf 59' lang='lat'>.</span> <span class='ocrx_word' id='word_1_173' title='bbox 303 2162 465 2218; x_wconf 76' lang='lat' dir='ltr'>contrarium</span> <span class='ocrx_word' id='word_1_174' title='bbox 482 2159 567 2213; x_wconf 90' lang='lat' dir='ltr'>videri</span> <span class='ocrx_word' id='word_1_175' title='bbox 584 2163 692 2228; x_wconf 84' lang='lat' dir='ltr'>posset,</span> <span class='ocrx_word' id='word_1_176' title='bbox 715 2159 848 2212; x_wconf 85' lang='lat' dir='ltr'>contineri</span> <span class='ocrx_word' id='word_1_177' title='bbox 866 2177 917 2211; x_wconf 86' lang='lat' dir='ltr'>una</span> <span class='ocrx_word' id='word_1_178' title='bbox 934 2159 1104 2229; x_wconf 78' lang='lat' dir='ltr'>cogitationis</span> <span class='ocrx_word' id='word_1_179' title='bbox 1122 2162 1210 2226; x_wconf 83' lang='lat' dir='ltr'>serie,</span> <span class='ocrx_word' id='word_1_180' title='bbox 1236 2180 1277 2212; x_wconf 89' lang='lat' dir='ltr'>nec</span> 
     </span>
     <span class='ocr_line' id='line_1_23' title="bbox 278 2234 905 2314; baseline -0.013 -12"><span class='ocrx_word' id='word_1_181' title='bbox 278 2234 283 2314; x_wconf 33' lang='lat' dir='ltr'>s</span> <span class='ocrx_word' id='word_1_182' title='bbox 303 2247 479 2302; x_wconf 70' lang='lat' dir='ltr'>itineratione</span> <span class='ocrx_word' id='word_1_183' title='bbox 496 2241 594 2299; x_wconf 85' lang='lat' dir='ltr'>dietum</span> <span class='ocrx_word' id='word_1_184' title='bbox 612 2263 678 2296; x_wconf 83' lang='lat' dir='ltr'>esse.</span> <span class='ocrx_word' id='word_1_185' title='bbox 770 2261 791 2299; x_wconf 53' lang='lat' dir='ltr'>,A</span> <span class='ocrx_word' id='word_1_186' title='bbox 879 2235 881 2251; x_wconf 87' lang='lat'>&#39;</span> <span class='ocrx_word' id='word_1_187' title='bbox 902 2295 905 2308; x_wconf 55' lang='grc'><strong>,</strong></span> 
     </span>
    </p>
   </div>
   <div class='ocr_carea' id='block_1_6' title="bbox 164 2329 1280 2778">
    <p class='ocr_par' dir='ltr' id='par_1_11' title="bbox 164 2329 1280 2778">
     <span class='ocr_line' id='line_1_24' title="bbox 220 2329 1277 2438; baseline 0 -22"><span class='ocrx_word' id='word_1_188' title='bbox 220 2343 225 2350; x_wconf 71' lang='grc'><strong>’</strong></span> <span class='ocrx_word' id='word_1_189' title='bbox 319 2355 370 2416; x_wconf 87' lang='grc'>18.</span> <span class='ocrx_word' id='word_1_190' title='bbox 406 2350 490 2414; x_wconf 87' lang='lat' dir='ltr'>Hine</span> <span class='ocrx_word' id='word_1_191' title='bbox 514 2347 702 2434; x_wconf 87' lang='lat' dir='ltr'>saepissime</span> <span class='ocrx_word' id='word_1_192' title='bbox 720 2340 846 2438; x_wconf 78' lang='lat' dir='ltr'>¹legitur</span> <span class='ocrx_word' id='word_1_193' title='bbox 869 2348 905 2412; x_wconf 92' lang='lat' dir='ltr'>in</span> <span class='ocrx_word' id='word_1_194' title='bbox 929 2329 1083 2412; x_wconf 70' lang='lat' dir='ltr'>&#39;formulis</span> <span class='ocrx_word' id='word_1_195' title='bbox 1114 2351 1277 2438; x_wconf 85' lang='lat' dir='ltr'>negativis,</span> 
     </span>
     <span class='ocr_line' id='line_1_25' title="bbox 235 2431 1278 2526; baseline 0 -25"><span class='ocrx_word' id='word_1_196' title='bbox 235 2436 353 2526; x_wconf 91' lang='lat' dir='ltr'>quibus</span> <span class='ocrx_word' id='word_1_197' title='bbox 370 2433 421 2513; x_wconf 89' lang='lat' dir='ltr'>id,</span> <span class='ocrx_word' id='word_1_198' title='bbox 446 2435 537 2520; x_wconf 91' lang='lat' dir='ltr'>quod</span> <span class='ocrx_word' id='word_1_199' title='bbox 555 2433 722 2498; x_wconf 88' lang='lat' dir='ltr'>offendere</span> <span class='ocrx_word' id='word_1_200' title='bbox 739 2443 793 2496; x_wconf 88' lang='lat' dir='ltr'>aut</span> <span class='ocrx_word' id='word_1_201' title='bbox 817 2431 1019 2520; x_wconf 91' lang='lat' dir='ltr'>obloquendi</span> <span class='ocrx_word' id='word_1_202' title='bbox 1048 2449 1278 2522; x_wconf 86' lang='lat' dir='ltr'>argumentum</span> 
     </span>
     <span class='ocr_line' id='line_1_26' title="bbox 233 2517 1277 2610; baseline -0.001 -23"><span class='ocrx_word' id='word_1_203' title='bbox 233 2520 446 2610; x_wconf 87' lang='lat' dir='ltr'>suppeditare</span> <span class='ocrx_word' id='word_1_204' title='bbox 477 2539 578 2606; x_wconf 88' lang='lat' dir='ltr'>posse</span> <span class='ocrx_word' id='word_1_205' title='bbox 609 2517 756 2591; x_wconf 87' lang='lat' dir='ltr'>videtur,</span> <span class='ocrx_word' id='word_1_206' title='bbox 790 2520 1059 2607; x_wconf 79' lang='lat' dir='ltr'>anteoccupando</span> <span class='ocrx_word' id='word_1_207' title='bbox 1080 2535 1277 2587; x_wconf 87' lang='lat' dir='ltr'>removetur.</span> 
     </span>
     <span class='ocr_line' id='line_1_27' title="bbox 164 2601 1280 2696; baseline -0.001 -22"><span class='ocrx_word' id='word_1_208' title='bbox 164 2647 171 2657; x_wconf 92' lang='lat'>·</span> <span class='ocrx_word' id='word_1_209' title='bbox 233 2609 341 2696; x_wconf 89' lang='lat' dir='ltr'>Vulgo</span> <span class='ocrx_word' id='word_1_210' title='bbox 372 2626 442 2668; x_wconf 92' lang='lat' dir='ltr'>non</span> <span class='ocrx_word' id='word_1_211' title='bbox 464 2614 551 2668; x_wconf 82' lang='lat' dir='ltr'>recte</span> <span class='ocrx_word' id='word_1_212' title='bbox 573 2601 740 2688; x_wconf 86' lang='lat' dir='ltr'>interponi</span> <span class='ocrx_word' id='word_1_213' title='bbox 763 2602 847 2666; x_wconf 88' lang='lat' dir='ltr'>solet</span> <span class='ocrx_word' id='word_1_214' title='bbox 871 2627 1014 2672; x_wconf 88' lang='lat' dir='ltr'>comma.</span> <span class='ocrx_word' id='word_1_215' title='bbox 1057 2607 1163 2696; x_wconf 87' lang='lat' dir='ltr'>Saepe</span> <span class='ocrx_word' id='word_1_216' title='bbox 1184 2612 1280 2674; x_wconf 86' lang='lat' dir='ltr'>etiam</span> 
     </span>
     <span class='ocr_line' id='line_1_28' title="bbox 232 2688 818 2778; baseline -0.017 -16"><span class='ocrx_word' id='word_1_217' title='bbox 232 2697 353 2762; x_wconf 91' lang='lat' dir='ltr'>dicitnr</span> <span class='ocrx_word' id='word_1_218' title='bbox 366 2702 466 2778; x_wconf 82' lang='lat' dir='ltr'>etque</span> <span class='ocrx_word' id='word_1_219' title='bbox 480 2690 528 2769; x_wconf 86' lang='lat' dir='ltr'>si,</span> <span class='ocrx_word' id='word_1_220' title='bbox 554 2688 594 2753; x_wconf 89' lang='lat' dir='ltr'>de</span> <span class='ocrx_word' id='word_1_221' title='bbox 611 2709 676 2776; x_wconf 90' lang='lat' dir='ltr'>quo</span> <span class='ocrx_word' id='word_1_222' title='bbox 692 2697 818 2774; x_wconf 87' lang='lat' dir='ltr'>postea.</span> 
     </span>
    </p>
   </div>
   <div class='ocr_carea' id='block_1_7' title="bbox 197 2799 1338 3310">
    <p class='ocr_par' dir='ltr' id='par_1_12' title="bbox 299 2799 1338 3135">
     <span class='ocr_line' id='line_1_29' title="bbox 346 2799 1338 2876; baseline 0.003 -12"><span class='ocrx_word' id='word_1_223' title='bbox 346 2813 400 2865; x_wconf 83' lang='lat' dir='ltr'>Cic.</span> <span class='ocrx_word' id='word_1_224' title='bbox 419 2811 488 2864; x_wconf 91' lang='lat' dir='ltr'>Phil.</span> <span class='ocrx_word' id='word_1_225' title='bbox 506 2809 538 2872; x_wconf 79' lang='grc'>3,</span> <span class='ocrx_word' id='word_1_226' title='bbox 557 2809 590 2871; x_wconf 86' lang='grc'>9,</span> <span class='ocrx_word' id='word_1_227' title='bbox 611 2807 656 2861; x_wconf 79' lang='lat'>24.</span> <span class='ocrx_word' id='word_1_228' title='bbox 674 2827 707 2860; x_wconf 83' lang='lat' dir='ltr'>ac</span> <span class='ocrx_word' id='word_1_229' title='bbox 733 2827 767 2861; x_wconf 83' lang='lat' dir='ltr'>ne</span> <span class='ocrx_word' id='word_1_230' title='bbox 785 2809 845 2862; x_wconf 80' lang='lat' dir='ltr'>tine</span> <span class='ocrx_word' id='word_1_231' title='bbox 870 2827 968 2863; x_wconf 79' lang='lat' dir='ltr'>caussa</span> <span class='ocrx_word' id='word_1_232' title='bbox 992 2811 1134 2866; x_wconf 79' lang='lat' dir='ltr'>videretur</span> <span class='ocrx_word' id='word_1_233' title='bbox 1154 2813 1280 2876; x_wconf 82' lang='lat' dir='ltr'>edixisse,</span> <span class='ocrx_word' id='word_1_234' title='bbox 1337 2799 1338 2836; x_wconf 51' lang='lat'><em>³</em></span> 
     </span>
     <span class='ocr_line' id='line_1_30' title="bbox 302 2892 1280 2972; baseline -0.002 -21"><span class='ocrx_word' id='word_1_235' title='bbox 302 2909 353 2952; x_wconf 88' lang='lat' dir='ltr'>etc.</span> <span class='ocrx_word' id='word_1_236' title='bbox 388 2901 427 2972; x_wconf 84' lang='lat' dir='ltr'>De</span> <span class='ocrx_word' id='word_1_237' title='bbox 447 2897 506 2948; x_wconf 84' lang='lat' dir='ltr'>Fin.¹</span> <span class='ocrx_word' id='word_1_238' title='bbox 525 2896 588 2946; x_wconf 89' lang='lat' dir='ltr'>bon.</span> <span class='ocrx_word' id='word_1_239' title='bbox 607 2893 642 2959; x_wconf 76' lang='lat'>2,</span> <span class='ocrx_word' id='word_1_240' title='bbox 661 2892 840 2958; x_wconf 75' lang='lat' dir='ltr'>35,118.ae</span> <span class='ocrx_word' id='word_1_241' title='bbox 866 2915 908 2947; x_wconf 86' lang='lat' dir='ltr'>ne.</span> <span class='ocrx_word' id='word_1_242' title='bbox 925 2894 1010 2966; x_wconf 81' lang='lat' dir='ltr'>plura</span> <span class='ocrx_word' id='word_1_243' title='bbox 1035 2896 1215 2966; x_wconf 80' lang='lat' dir='ltr'>complectar.</span> <span class='ocrx_word' id='word_1_244' title='bbox 1239 2900 1280 2950; x_wconf 87' lang='lat' dir='ltr'>ubi</span> 
     </span>
     <span class='ocr_line' id='line_1_31' title="bbox 301 2977 1279 3052; baseline -0.004 -14"><span class='ocrx_word' id='word_1_245' title='bbox 301 2981 461 3038; x_wconf 85' lang='lat' dir='ltr'>Goerenzius</span> <span class='ocrx_word' id='word_1_246' title='bbox 482 2979 553 3031; x_wconf 86' lang='lat' dir='ltr'>hand</span> <span class='ocrx_word' id='word_1_247' title='bbox 573 2980 640 3031; x_wconf 89' lang='lat' dir='ltr'>bene</span> <span class='ocrx_word' id='word_1_248' title='bbox 662 2979 776 3049; x_wconf 82' lang='lat' dir='ltr'>explicat</span> <span class='ocrx_word' id='word_1_249' title='bbox 801 2991 830 3033; x_wconf 87' lang='lat' dir='ltr'>et</span> <span class='ocrx_word' id='word_1_250' title='bbox 850 2998 924 3033; x_wconf 83' lang='lat' dir='ltr'>sane.</span> <span class='ocrx_word' id='word_1_251' title='bbox 961 2977 1104 3046; x_wconf 84' lang='lat' dir='ltr'>Celsns8,</span> <span class='ocrx_word' id='word_1_252' title='bbox 1124 2983 1149 3034; x_wconf 93' lang='lat'>1.</span> <span class='ocrx_word' id='word_1_253' title='bbox 1174 3003 1201 3052; x_wconf 76' lang='lat' dir='ltr'>p.</span> <span class='ocrx_word' id='word_1_254' title='bbox 1223 2983 1279 3036; x_wconf 90' lang='grc'><strong>505.</strong></span> 
     </span>
     <span class='ocr_line' id='line_1_32' title="bbox 299 3063 1279 3135; baseline 0.001 -14"><span class='ocrx_word' id='word_1_255' title='bbox 299 3090 334 3124; x_wconf 82' lang='lat' dir='ltr'>aa</span> <span class='ocrx_word' id='word_1_256' title='bbox 360 3089 394 3124; x_wconf 83' lang='lat' dir='ltr'>ne</span> <span class='ocrx_word' id='word_1_257' title='bbox 418 3065 530 3135; x_wconf 87' lang='lat' dir='ltr'>saepius</span> <span class='ocrx_word' id='word_1_258' title='bbox 555 3063 702 3118; x_wconf 79' lang='lat' dir='ltr'>dicendum</span> <span class='ocrx_word' id='word_1_259' title='bbox 727 3067 773 3118; x_wconf 84' lang='lat' dir='ltr'>sit.</span> <span class='ocrx_word' id='word_1_260' title='bbox 808 3067 901 3117; x_wconf 80' lang='lat' dir='ltr'>Horat.</span> <span class='ocrx_word' id='word_1_261' title='bbox 924 3066 1007 3134; x_wconf 89' lang='lat' dir='ltr'>Epist.</span> <span class='ocrx_word' id='word_1_262' title='bbox 1028 3067 1111 3132; x_wconf 87' lang='grc'><strong>1,1,</strong></span> <span class='ocrx_word' id='word_1_263' title='bbox 1131 3068 1174 3121; x_wconf 88' lang='grc'>13.</span> <span class='ocrx_word' id='word_1_264' title='bbox 1197 3089 1231 3121; x_wconf 87' lang='lat' dir='ltr'>ac</span> <span class='ocrx_word' id='word_1_265' title='bbox 1248 3089 1279 3122; x_wconf 89' lang='lat' dir='ltr'>ne</span> 
     </span>
    </p>

    <p class='ocr_par' dir='ltr' id='par_1_13' title="bbox 197 3148 1280 3310">
     <span class='ocr_line' id='line_1_33' title="bbox 220 3148 1280 3226; baseline 0 -19"><span class='ocrx_word' id='word_1_266' title='bbox 220 3167 225 3177; x_wconf 69' lang='lat'><em>&#39;</em></span> <span class='ocrx_word' id='word_1_267' title='bbox 294 3151 379 3226; x_wconf 81' lang='lat' dir='ltr'>sorte</span> <span class='ocrx_word' id='word_1_268' title='bbox 395 3169 494 3224; x_wconf 79' lang='lat' dir='ltr'>roges,</span> <span class='ocrx_word' id='word_1_269' title='bbox 514 3165 568 3220; x_wconf 79' lang='lat' dir='ltr'>quo</span> <span class='ocrx_word' id='word_1_270' title='bbox 587 3167 630 3201; x_wconf 87' lang='lat' dir='ltr'>me</span> <span class='ocrx_word' id='word_1_271' title='bbox 648 3148 733 3210; x_wconf 81' lang='lat' dir='ltr'>duee,</span> <span class='ocrx_word' id='word_1_272' title='bbox 749 3167 816 3222; x_wconf 77' lang='lat' dir='ltr'>,quc</span> <span class='ocrx_word' id='word_1_273' title='bbox 835 3148 894 3203; x_wconf 80' lang='lat' dir='ltr'>lare</span> <span class='ocrx_word' id='word_1_274' title='bbox 912 3161 992 3206; x_wconf 82' lang='lat' dir='ltr'>tuter.</span> <span class='ocrx_word' id='word_1_275' title='bbox 1018 3153 1054 3217; x_wconf 73' lang='grc'>9,-</span> <span class='ocrx_word' id='word_1_276' title='bbox 1070 3153 1103 3217; x_wconf 90' lang='grc'>1,</span> <span class='ocrx_word' id='word_1_277' title='bbox 1119 3154 1180 3206; x_wconf 73' lang='grc'><strong>208.</strong></span> <span class='ocrx_word' id='word_1_278' title='bbox 1201 3176 1235 3208; x_wconf 85' lang='lat' dir='ltr'>ac</span> <span class='ocrx_word' id='word_1_279' title='bbox 1249 3175 1280 3208; x_wconf 83' lang='lat' dir='ltr'>ne</span> 
     </span>
     <span class='ocr_line' id='line_1_34' title="bbox 197 3227 1278 3310; baseline 0 -18"><span class='ocrx_word' id='word_1_280' title='bbox 197 3297 201 3303; x_wconf 29' lang='lat'><em>¹</em></span> <span class='ocrx_word' id='word_1_281' title='bbox 292 3227 378 3310; x_wconf 79' lang='lat' dir='ltr'>forte</span> <span class='ocrx_word' id='word_1_282' title='bbox 400 3247 491 3308; x_wconf 84' lang='lat' dir='ltr'>putes.</span> <span class='ocrx_word' id='word_1_283' title='bbox 528 3233 604 3286; x_wconf 83' lang='lat' dir='ltr'>ovid.</span> <span class='ocrx_word' id='word_1_284' title='bbox 623 3235 696 3284; x_wconf 87' lang='lat' dir='ltr'>Rem.</span> <span class='ocrx_word' id='word_1_285' title='bbox 717 3252 767 3294; x_wconf 82' lang='lat' dir='ltr'>am,</span> <span class='ocrx_word' id='word_1_286' title='bbox 785 3233 857 3303; x_wconf 64' lang='grc' dir='ltr'>«165.Ι</span> <span class='ocrx_word' id='word_1_287' title='bbox 882 3236 934 3286; x_wconf 86' lang='lat' dir='ltr'>Cic.</span> <span class='ocrx_word' id='word_1_288' title='bbox 953 3236 985 3288; x_wconf 87' lang='lat' dir='ltr'>de</span> <span class='ocrx_word' id='word_1_289' title='bbox 1003 3241 1076 3288; x_wconf 86' lang='lat' dir='ltr'>Orat.</span> <span class='ocrx_word' id='word_1_290' title='bbox 1093 3237 1128 3300; x_wconf 71' lang='lat'>2,</span> <span class='ocrx_word' id='word_1_291' title='bbox 1148 3235 1201 3301; x_wconf 78' lang='grc'>46,</span> <span class='ocrx_word' id='word_1_292' title='bbox 1222 3239 1278 3293; x_wconf 86' lang='grc'><strong>191.</strong></span> 
     </span>
    </p>
   </div>
   <div class='ocr_carea' id='block_1_8' title="bbox 115 3315 1337 3970">
    <p class='ocr_par' dir='ltr' id='par_1_14' title="bbox 115 3315 1337 3970">
     <span class='ocr_line' id='line_1_35' title="bbox 255 3315 1278 3404; baseline 0 -28"><span class='ocrx_word' id='word_1_293' title='bbox 255 3325 261 3344; x_wconf 69' lang='grc'><strong>“</strong></span> <span class='ocrx_word' id='word_1_294' title='bbox 297 3343 331 3376; x_wconf 86' lang='lat' dir='ltr'>ae</span> <span class='ocrx_word' id='word_1_295' title='bbox 350 3315 482 3390; x_wconf 73' lang='lat' dir='ltr'>neforto</span> <span class='ocrx_word' id='word_1_296' title='bbox 497 3318 549 3374; x_wconf 75' lang='lat' dir='ltr'>boc</span> <span class='ocrx_word' id='word_1_297' title='bbox 570 3317 701 3391; x_wconf 75' lang='lat' dir='ltr'>magnum</span> <span class='ocrx_word' id='word_1_298' title='bbox 721 3339 755 3372; x_wconf 84' lang='lat' dir='ltr'>ac</span> <span class='ocrx_word' id='word_1_299' title='bbox 770 3317 896 3375; x_wconf 79' lang='lat' dir='ltr'>mirabile</span> <span class='ocrx_word' id='word_1_300' title='bbox 914 3337 972 3374; x_wconf 88' lang='lat' dir='ltr'>esse</span> <span class='ocrx_word' id='word_1_301' title='bbox 990 3321 1126 3376; x_wconf 78' lang='lat' dir='ltr'>videatur.</span> <span class='ocrx_word' id='word_1_302' title='bbox 1155 3323 1278 3404; x_wconf 68' lang='lat' dir='ltr'>adFarn.</span> 
     </span>
     <span class='ocr_line' id='line_1_36' title="bbox 222 3403 577 3478; baseline 0.003 -22"><span class='ocrx_word' id='word_1_303' title='bbox 222 3431 225 3436; x_wconf 91' lang='lat'>·</span> <span class='ocrx_word' id='word_1_304' title='bbox 296 3403 466 3478; x_wconf 66' lang='lat' dir='ltr'>s,12,&#39;30.</span> <span class='ocrx_word' id='word_1_305' title='bbox 573 3413 577 3420; x_wconf 88' lang='grc'><strong>“</strong></span> 
     </span>
     <span class='ocr_line' id='line_1_37' title="bbox 284 3485 1280 3601; baseline 0.005 -29"><span class='ocrx_word' id='word_1_306' title='bbox 284 3583 288 3598; x_wconf 26' lang='grc'><strong><em>1</em></strong></span> <span class='ocrx_word' id='word_1_307' title='bbox 314 3511 366 3572; x_wconf 86' lang='grc'>19.</span> <span class='ocrx_word' id='word_1_308' title='bbox 384 3485 464 3572; x_wconf 69' lang='grc' dir='ltr'>«9εά</span> <span class='ocrx_word' id='word_1_309' title='bbox 480 3506 514 3572; x_wconf 91' lang='lat' dir='ltr'>id</span> <span class='ocrx_word' id='word_1_310' title='bbox 533 3507 630 3572; x_wconf 83' lang='lat' dir='ltr'>etiarn</span> <span class='ocrx_word' id='word_1_311' title='bbox 649 3504 843 3572; x_wconf 85' lang='lat' dir='ltr'>affirmativa</span> <span class='ocrx_word' id='word_1_312' title='bbox 859 3508 1017 3574; x_wconf 85' lang='lat' dir='ltr'>sententia</span> <span class='ocrx_word' id='word_1_313' title='bbox 1034 3503 1193 3594; x_wconf 77' lang='lat' dir='ltr'>efficitur,</span> <span class='ocrx_word' id='word_1_314' title='bbox 1218 3534 1280 3601; x_wconf 90' lang='lat' dir='ltr'>qua</span> 
     </span>
     <span class='ocr_line' id='line_1_38' title="bbox 115 3591 1337 3682; baseline 0.006 -28"><span class='ocrx_word' id='word_1_315' title='bbox 115 3645 122 3654; x_wconf 93' lang='lat'>.</span> <span class='ocrx_word' id='word_1_316' title='bbox 218 3591 365 3680; x_wconf 76' lang='lat' dir='ltr'>&#39;aliquod</span> <span class='ocrx_word' id='word_1_317' title='bbox 381 3591 555 3682; x_wconf 90' lang='lat' dir='ltr'>consilium</span> <span class='ocrx_word' id='word_1_318' title='bbox 574 3603 630 3656; x_wconf 88' lang='lat' dir='ltr'>aut</span> <span class='ocrx_word' id='word_1_319' title='bbox 647 3593 753 3679; x_wconf 88' lang='lat' dir='ltr'>aliqua</span> <span class='ocrx_word' id='word_1_320' title='bbox 767 3592 881 3678; x_wconf 89' lang='lat' dir='ltr'>opinio</span> <span class='ocrx_word' id='word_1_321' title='bbox 900 3599 1132 3680; x_wconf 89' lang='lat' dir='ltr'>praesumitur.</span> <span class='ocrx_word' id='word_1_322' title='bbox 1336 3615 1337 3622; x_wconf 53' lang='lat'>¹</span> 
     </span>
     <span class='ocr_line' id='line_1_39' title="bbox 331 3678 1278 3788; baseline 0.01 -25"><span class='ocrx_word' id='word_1_323' title='bbox 331 3713 386 3788; x_wconf 78' lang='lat' dir='ltr'>Cic.</span> <span class='ocrx_word' id='word_1_324' title='bbox 403 3731 429 3782; x_wconf 91' lang='lat' dir='ltr'>p.</span> <span class='ocrx_word' id='word_1_325' title='bbox 446 3715 517 3783; x_wconf 87' lang='lat' dir='ltr'>Lege</span> <span class='ocrx_word' id='word_1_326' title='bbox 536 3715 607 3766; x_wconf 84' lang='lat' dir='ltr'>Man.</span> <span class='ocrx_word' id='word_1_327' title='bbox 629 3711 663 3776; x_wconf 88' lang='lat'>8,</span> <span class='ocrx_word' id='word_1_328' title='bbox 680 3713 723 3765; x_wconf 79' lang='lat'>20.</span> <span class='ocrx_word' id='word_1_329' title='bbox 744 3678 830 3784; x_wconf 59' lang='lat' dir='ltr'>itque</span> <span class='ocrx_word' id='word_1_330' title='bbox 851 3723 882 3764; x_wconf 83' lang='lat' dir='ltr'>ut</span> <span class='ocrx_word' id='word_1_331' title='bbox 906 3726 999 3766; x_wconf 78' lang='lat' dir='ltr'>omnes</span> <span class='ocrx_word' id='word_1_332' title='bbox 1028 3701 1210 3788; x_wconf 63' lang='lat' dir='ltr'>intelligent,</span> <span class='ocrx_word' id='word_1_333' title='bbox 1238 3739 1278 3772; x_wconf 86' lang='lat' dir='ltr'>me</span> 
     </span>
     <span class='ocr_line' id='line_1_40' title="bbox 217 3795 1278 3873; baseline 0.001 -21"><span class='ocrx_word' id='word_1_334' title='bbox 217 3819 221 3830; x_wconf 93' lang='lat'>·</span> <span class='ocrx_word' id='word_1_335' title='bbox 297 3795 336 3852; x_wconf 82' lang='lat' dir='ltr'>L.</span> <span class='ocrx_word' id='word_1_336' title='bbox 356 3799 482 3851; x_wconf 79' lang='lat' dir='ltr'>Lucullo</span> <span class='ocrx_word' id='word_1_337' title='bbox 502 3809 609 3852; x_wconf 85' lang='lat' dir='ltr'>tantum</span> <span class='ocrx_word' id='word_1_338' title='bbox 631 3799 772 3868; x_wconf 84' lang='lat' dir='ltr'>impertire</span> <span class='ocrx_word' id='word_1_339' title='bbox 789 3796 896 3864; x_wconf 81' lang='lat' dir='ltr'>laudis,</span> <span class='ocrx_word' id='word_1_340' title='bbox 924 3811 1061 3872; x_wconf 77' lang='lat' dir='ltr'>quantum</span> <span class='ocrx_word' id='word_1_341' title='bbox 1070 3797 1149 3873; x_wconf 84' lang='lat' dir='ltr'>forti</span> <span class='ocrx_word' id='word_1_342' title='bbox 1166 3807 1229 3856; x_wconf 82' lang='lat' dir='ltr'>viro</span> <span class='ocrx_word' id='word_1_343' title='bbox 1252 3815 1278 3858; x_wconf 87' lang='lat' dir='ltr'>et</span> 
     </span>
     <span class='ocr_line' id='line_1_41' title="bbox 298 3875 1276 3970; baseline 0.008 -36"><span class='ocrx_word' id='word_1_344' title='bbox 298 3881 503 3952; x_wconf 82' lang='lat' dir='ltr'>sapientissimo</span> <span class='ocrx_word' id='word_1_345' title='bbox 519 3881 625 3938; x_wconf 65' lang='lat' dir='ltr'>homeri</span> <span class='ocrx_word' id='word_1_346' title='bbox 636 3895 666 3938; x_wconf 84' lang='lat' dir='ltr'>et</span> <span class='ocrx_word' id='word_1_347' title='bbox 680 3902 781 3956; x_wconf 82' lang='lat' dir='ltr'>magno</span> <span class='ocrx_word' id='word_1_348' title='bbox 799 3881 960 3955; x_wconf 78' lang='lat' dir='ltr'>imperatori</span> <span class='ocrx_word' id='word_1_349' title='bbox 976 3875 1135 3970; x_wconf 20' lang='lat' dir='ltr'>debeaturey</span> <span class='ocrx_word' id='word_1_350' title='bbox 1145 3888 1210 3942; x_wconf 79' lang='lat' dir='ltr'>dieo</span> <span class='ocrx_word' id='word_1_351' title='bbox 1228 3899 1276 3942; x_wconf 88' lang='lat' dir='ltr'>etc.</span> 
     </span>
    </p>
   </div>
   <div class='ocr_carea' id='block_1_9' title="bbox 312 3971 1274 4074">
    <p class='ocr_par' dir='ltr' id='par_1_15' title="bbox 312 3971 1274 4074">
     <span class='ocr_line' id='line_1_42' title="bbox 312 3971 1274 4074; baseline 0.006 -26"><span class='ocrx_word' id='word_1_352' title='bbox 312 3989 367 4048; x_wconf 82' lang='lat'>20.</span> <span class='ocrx_word' id='word_1_353' title='bbox 397 3971 569 4052; x_wconf 83' lang='lat' dir='ltr'>Interdum</span> <span class='ocrx_word' id='word_1_354' title='bbox 594 3987 701 4053; x_wconf 80' lang='lat' dir='ltr'>oratio</span> <span class='ocrx_word' id='word_1_355' title='bbox 728 3988 938 4058; x_wconf 84' lang='lat' dir='ltr'>continuatur</span> <span class='ocrx_word' id='word_1_356' title='bbox 961 4007 1021 4074; x_wconf 89' lang='lat' dir='ltr'>per</span> <span class='ocrx_word' id='word_1_357' title='bbox 1043 3987 1120 4064; x_wconf 83' lang='lat' dir='ltr'>sed,</span> <span class='ocrx_word' id='word_1_358' title='bbox 1146 4001 1274 4070; x_wconf 81' lang='lat' dir='ltr'>tamen,</span> 
     </span>
    </p>
   </div>
   <div class='ocr_carea' id='block_1_10' title="bbox 24 4069 1275 4164">
    <p class='ocr_par' dir='ltr' id='par_1_16' title="bbox 24 4069 1275 4164">
     <span class='ocr_line' id='line_1_43' title="bbox 24 4069 1275 4164; baseline 0.008 -34"><span class='ocrx_word' id='word_1_359' title='bbox 24 4069 25 4090; x_wconf 79' lang='lat'>³</span> <span class='ocrx_word' id='word_1_360' title='bbox 124 4141 129 4146; x_wconf 67' lang='lat'>„</span> <span class='ocrx_word' id='word_1_361' title='bbox 218 4077 355 4139; x_wconf 73' lang='lat' dir='ltr'>eutem.</span> <span class='ocrx_word' id='word_1_362' title='bbox 400 4070 510 4150; x_wconf 87' lang='lat' dir='ltr'>Quare</span> <span class='ocrx_word' id='word_1_363' title='bbox 526 4093 596 4153; x_wconf 80' lang='lat' dir='ltr'>nop</span> <span class='ocrx_word' id='word_1_364' title='bbox 612 4073 763 4151; x_wconf 81' lang='lat' dir='ltr'>deerunt,</span> <span class='ocrx_word' id='word_1_365' title='bbox 786 4071 841 4156; x_wconf 90' lang='lat' dir='ltr'>qui</span> <span class='ocrx_word' id='word_1_366' title='bbox 857 4073 937 4138; x_wconf 82' lang='lat' dir='ltr'>adeo</span> <span class='ocrx_word' id='word_1_367' title='bbox 955 4073 1157 4157; x_wconf 81' lang='lat' dir='ltr'>existiment,</span> <span class='ocrx_word' id='word_1_368' title='bbox 1175 4089 1275 4164; x_wconf 82' lang='lat' dir='ltr'>utque</span> 
     </span>
    </p>
   </div>
   <div class='ocr_carea' id='block_1_11' title="bbox 228 4154 1273 4250">
    <p class='ocr_par' dir='ltr' id='par_1_17' title="bbox 228 4154 1273 4250">
     <span class='ocr_line' id='line_1_44' title="bbox 228 4154 1273 4250; baseline 0.008 -32"><span class='ocrx_word' id='word_1_369' title='bbox 228 4173 293 4239; x_wconf 83' lang='lat' dir='ltr'>pro</span> <span class='ocrx_word' id='word_1_370' title='bbox 316 4154 649 4244; x_wconf 81' lang='lat' dir='ltr'>quidemusurp&#39;ari.</span> <span class='ocrx_word' id='word_1_371' title='bbox 679 4158 721 4224; x_wconf 86' lang='lat' dir='ltr'>Et</span> <span class='ocrx_word' id='word_1_372' title='bbox 740 4165 817 4222; x_wconf 86' lang='lat' dir='ltr'>sunt</span> <span class='ocrx_word' id='word_1_373' title='bbox 839 4157 923 4242; x_wconf 85' lang='lat' dir='ltr'>loci,</span> <span class='ocrx_word' id='word_1_374' title='bbox 957 4157 993 4226; x_wconf 89' lang='lat' dir='ltr'>in</span> <span class='ocrx_word' id='word_1_375' title='bbox 1016 4159 1134 4246; x_wconf 86' lang='lat' dir='ltr'>quibus</span> <span class='ocrx_word' id='word_1_376' title='bbox 1163 4159 1273 4250; x_wconf 87' lang='lat' dir='ltr'>ipsum</span> 
     </span>
    </p>
   </div>
   <div class='ocr_carea' id='block_1_12' title="bbox 0 0 1368 4746">
    <p class='ocr_par' dir='ltr' id='par_1_18' title="bbox 0 0 1368 4746">
     <span class='ocr_line' id='line_1_45' title="bbox 0 0 1368 4746; baseline 0 1"><span class='ocrx_word' id='word_1_377' title='bbox 0 0 1368 4746; x_wconf 95' lang='lat' dir='ltr'> </span> 
     </span>
    </p>
   </div>
  </div>
 </body>
</html>
