2764 4746
91 363 97 384 .
219 315 283 384 294
475 296 485 320 ’·
643 281 846 418 irruis,
915 412 919 418 „

273 481 276 486 ’
331 451 569 538 Selinst.1cg.44,
589 467 616 524 5.
633 485 818 541 quaecumque
833 463 891 520 dici
908 475 957 519 ant
969 463 1047 536 fingi
1064 472 1168 535 emunt
1185 467 1270 536 igna.

288 557 357 640 uiae.
376 553 554 627 luxuriaeque
572 551 692 625 probra,
719 555 748 606 in
777 550 829 607 illo
856 549 978 606 exercitu
997 562 1101 602 cuncta
1109 545 1213 619 fuere,
1237 559 1272 603 et

289 641 349 696 alia
363 640 494 712 amplius.
513 639 531 690 i.
550 657 573 691 c.
591 637 648 692 und
665 637 780 692 auderes
799 634 882 690 mehr.
912 639 974 688 Non
989 635 1073 686 maior
1091 635 1130 686 vis
1146 635 1218 686 inest
1237 635 1271 686 in

291 725 400 778 nomine
424 724 528 794 periodi
550 723 579 778 in
602 723 654 776 fine
677 724 775 792 posito.
809 721 892 778 Pluut.
916 722 988 773 Asin.
1013 719 1047 783 3,
1065 719 1098 786 8,
1119 718 1177 775 185.
1199 719 1272 791 quid
1312 721 1316 727 “

244 873 247 880 .
291 827 343 880 ego
362 807 443 864 aliud
461 818 592 879 exoptem
610 808 747 878 amplius,
769 809 824 862 nisi
843 805 916 874 illud
936 806 1013 858 cuius
1030 803 1176 873 inopia'st.
1211 805 1273 860 eie.

290 913 317 963 p.
339 896 414 948 Caco.
434 894 460 962 9,
480 891 523 952 25.
542 893 610 966 quid
626 893 726 965 loquar
741 890 864 962 amplius
881 888 934 943 lroc
954 889 988 942 de
1005 887 1140 944 homine?
1158 891 1189 940 In
1209 889 1274 942 aliis

291 978 417 1032 similibus
440 979 507 1031 locis
530 978 687 1046 intelligitur
712 977 809 1030 maius:
839 976 893 1029 cic.
910 976 939 1028 in
956 977 1033 1027 Verr.
1049 974 1084 1040 2,
1103 975 1154 1042 10,
1171 973 1215 1027 26.
1236 987 1274 1028 at

291 1079 344 1133 ego
360 1061 482 1132 amplius
499 1063 580 1118 dicos
596 1063 688 1132 quibus
706 1073 872 1133 opponuntur
893 1071 985 1121 antea,
1005 1077 1071 1129 quac
1087 1070 1168 1129 testes
1186 1061 1271 1125 dixe-

290 1140 359 1202 rant.
379 1167 420 1218 pr.
436 1150 493 1204 Mil.
511 1148 560 1214 13,
577 1147 620 1202 85.
634 1147 729 1220 ¹quid?
756 1150 781 1202 si
807 1145 873 1202 haec
893 1165 949 1200 non
967 1146 1048 1209 dice,
1080 1145 1188 1217 maiora
1201 1141 1275 1215 fue·

292 1243 358 1286 runt
376 1237 405 1287 in
428 1233 540 1308 Clodi0,
566 1252 649 1305 quam
669 1237 698 1287 in
716 1231 843 1298 Milone,
863 1231 912 1286 sed
932 1233 960 1284 in
978 1229 1029 1286 illo
1048 1230 1276 1304 maxima‚rsulla

293 1320 323 1372 in
351 1316 420 1372 hocs
442 1318 509 1389 quid
533 1317 621 1372 uultis
643 1317 791 1388 amplius?
808 1318 826 1368 i.
845 1337 868 1371 e.
886 1317 961 1386 plus,
984 1316 1075 1367 maius.
1117 1315 1223 1384 leian.
1242 1317 1275 1369 in

240 1452 243 1468 ,
295 1402 355 1470 lrig.
373 1400 424 1467 40,
446 1403 496 1468 12,
512 1402 538 1456 8.
558 1401 680 1474 amplius
699 1411 779 1473 puto.
803 1401 855 1466 83,
872 1400 906 1467 7,
923 1401 971 1466 12,
991 1398 1017 1452 5.
1052 1398 1198 1456 Trebatius
1213 1421 1275 1458 am·

296 1485 374 1557 plius
393 1491 478 1542 etiam
493 1492 628 1560 pistorem
645 1499 673 1542 et
689 1499 826 1540 tonsorem
843 1515 878 1527 -
893 1487 1035 1538 contineri.
1172 1503 1178 1512 ’

258 1576 264 1584 “
339 1575 463 1626 Formula
494 1573 568 1649 nihil
591 1573 682 1628 dicam
706 1571 829 1642 amplius
854 1579 979 1633 utuntur,
1006 1571 1052 1639 qui
1079 1571 1200 1623 acerbum
1226 1583 1273 1626 aut

248 1639 251 1644 ¹
298 1655 417 1710 odiosum
434 1659 521 1712 dicere
539 1659 720 1738 reformident.
755 1659 809 1712 Cic.
830 1676 857 1726 p.
875 1653 1013 1740 Planci,
1032 1654 1075 1709 17.
1100 1675 1126 1726 p.
1143 1657 1226 1709 Marc.
1245 1656 1274 1724 6,

138 1787 142 1795 ,
241 1789 243 1798 s
297 1739 339 1798 17.
367 1745 538 1798 Pleuttsin.
558 1738 642 1808 1,8,
662 1741 704 1795 51.

314 1832 365 1892 10.
388 1827 472 1892 Hinc
491 1827 703 1914 loquutiones
720 1841 1273 1914 nocrnrcrvs‚rorrrr1,1vs‚pro

227 1921 416 2010 praeterea,
438 1915 474 1978 in
492 1911 859 1979 addendis'eliisrcbus.
902 1911 987 1974 Nam
1009 1911 1072 1978 icoc·
1092 1911 1274 1984 ablativum
1371 1965 1372 1974 ,

188 2075 192 2092 ¹
227 1997 447 2083 intelligamus
463 2021 595 2066 necesse
610 2007 674 2065 estc
699 2006 797 2082 atque
825 1995 980 2061 differunt
1002 1998 1100 2064 verbe
1123 1999 1272 2086 amplius

191 2146 195 2154 x
226 2079 291 2148 hoc
313 2083 440 2150 dicam.
877 2091 880 2103 '

237 2211 238 2216 ¹
341 2169 424 2240 Plaut.
443 2183 511 2240 Rud.
529 2187 562 2252 1,
584 2184 617 2251 5,
636 2185 679 2238 21.
699 2205 786 2258 neque
804 2181 856 2236 loc
873 2180 1012 2252 amplius,
1037 2203 1120 2259 quam
1139 2185 1217 2258 quod
1232 2191 1274 2242 ui·

233 2315 237 2326 .
299 2269 357 2333 des,
372 2256 671 2346 nobis'quidqoam’sr.
705 2273 759 2324 Gic'.
776 2291 802 2340 p.
821 2271 896 2320 Caco.
913 2269 961 2336 10,
980 2269 1025 2325 27.
1060 2273 1096 2326 A.
1120 2271 1226 2326 Atilius
1246 2284 1274 2327 et
1371 2303 1372 2328 r

214 2379 222 2398 ε
298 2359 358 2410 eius
371 2357 455 2426 filius
474 2361 511 2414 L.
531 2359 635 2414 Atilius
653 2367 681 2412 e't
692 2367 824 2424 „armates
847 2354 886 2410 ibi
896 2349 992 2425 fuisse
1010 2366 1039 2410 et
1055 2375 1085 2411 se
1101 2374 1168 2410 suos
1185 2377 1274 2410 arma·

298 2449 344 2493 sos
361 2443 511 2498 adduxisse
530 2444 667 2498 dixerunt.
686 2447 771 2498 etiam
788 2440 840 2494 loc
862 2419 1005 2511 ampliisc
1028 2445 1111 2515 qraur'u
1137 2441 1275 2502 Aebutius

278 2578 280 2582 .
304 2523 440 2580 Caecinae
462 2525 566 2578 arulum
592 2532 760 2591 minaretur,
787 2525 827 2581 ibi
847 2535 905 2578 tum
934 2525 1079 2580 Caecinam
1102 2527 1272 2597 postulasse,

297 2620 332 2662 ut
350 2609 471 2669 moribus
491 2611 619 2666 deductio
631 2611 724 2682 fieret.
761 2611 793 2663 dc
810 2613 873 2664 Nat.
892 2611 917 2662 d.
935 2613 1034 2678 2,12,
1052 2609 1096 2666 84.
1113 2611 1210 2668 bestiis
1225 2635 1274 2668 au·

301 2706 357 2749 tem
376 2715 485 2752 sensum
504 2708 530 2752 et
548 2709 652 2750 motum
681 2695 774 2758 dedit,
802 2707 830 2750 et
856 2689 917 2748 cum
935 2697 1057 2768 quodam
1075 2701 1207 2769 appetitu
1230 2720 1275 2752 ac·

300 2799 404 2834 cessum
423 2783 461 2835 acl
485 2801 527 2836 res
546 2783 692 2846 salutares,
714 2802 732 2834 a
756 2775 900 2853 pestiferis
917 2801 1068 2835 recessum:
1093 2782 1198 2838 homini
1222 2783 1276 2839 hoc
1370 2813 1371 2850 i

299 2864 437 2935 amplius,
465 2867 540 2940 quod
559 2867 671 2922 addidit
689 2871 834 2921 rationem.
869 2867 902 2917 ed
919 2869 990 2918 Fam.
1009 2866 1050 2930 9,
1067 2866 1117 2934 25,
1137 2870 1162 2922 1.
1180 2873 1276 2942 itaque

215 2977 219 2984 ,
300 2946 490 3022 obtemperare
516 2955 609 3023 cogito
628 2955 783 3022 praeceptis
808 2954 882 3004 suis:
901 2951 952 3004 hoe
970 2951 1111 3022 amplius,
1129 2955 1275 3009 navicula-

297 3054 359 3088 rum
385 3035 485 3091 halare
514 3035 623 3108 aliquid
650 3038 678 3088 in
703 3055 755 3089 ora
784 3040 932 3092 niaritima.
969 3038 1002 3090 de
1029 3033 1089 3092 Fin.
1108 3034 1148 3102 6,
1173 3036 1208 3103 4,
1233 3040 1275 3092 11.
1369 3039 1370 3044 ’

299 3139 435 3194 quumque
461 3131 573 3192 uterque
597 3138 692 3174 eorum
716 3119 855 3176 docuisset
877 3143 930 3174 -s
956 3121 1008 3175 lroc
1032 3123 1164 3195 amplius.
1186 3123 1276 3178 tteo-
1369 3149 1370 3158 ¹

298 3205 431 3276 plurastus
448 3231 498 3254 -.
533 3207 639 3257 Sueton.
660 3205 750 3256 Claud.
768 3207 810 3259 11.
827 3215 865 3246 '-
883 3207 1053 3264 decernenda
1077 3210 1277 3280 curavitsfpa·

301 3287 424 3344 rentibus
446 3284 564 3359 inferias
588 3289 737 3361 publicare
768 3301 795 3344 et
819 3289 871 3366 loc
897 3292 1021 3364 amplius
1046 3297 1123 3364 patri
1146 3296 1278 3350 circenses

140 3400 142 3413 ·
189 3393 194 3408 ¹
299 3392 408 3429 annuos
429 3374 522 3428 natali
546 3373 614 3431 die·
635 3378 708 3428 Caes.
727 3375 771 3430 88.
801 3377 926 3439 Quinctil.
948 3378 979 3441 1,
998 3377 1030 3441 1,
1047 3377 1071 3429 8.
1108 3379 1149 3430 De
1167 3397 1214 3429 usu
1230 3380 1278 3430 hu·

300 3459 342 3511 ius
359 3460 486 3530 formulae
504 3461 533 3510 in
550 3463 713 3514 testamentis
731 3461 784 3514 vid.
803 3462 920 3515 African.
937 3463 965 3516 in
984 3463 1044 3532 Dig.
1063 3461 1107 3529 30,
1127 3463 1153 3529 1,
1173 3463 1234 3529 108,
1252 3463 1278 3514 7.

301 3554 329 3596 et
346 3547 470 3614 Pompon.
487 3545 539 3610 32,
558 3547 589 3608 1,
610 3545 652 3598 54.
1183 3543 1190 3570 ¹

888 3593 892 3614 ‚
1000 3589 1009 3596 .

344 3632 449 3683 sueton.
468 3631 550 3698 calig.
573 3627 615 3682 15.
635 3617 809 3702 inferiasque'
827 3627 871 3682 liis
893 3648 986 3683 annua
1012 3627 1149 3702 religione
1165 3628 1280 3700 publice
1368 3649 1369 3704 ,

197 3749 206 3758 ‚
298 3715 437 3767 instituit:
450 3709 483 3768 'et
501 3733 533 3768 eo
551 3713 674 3785 ainplius
692 3717 775 3767 matri
796 3717 935 3770 circenses.
964 3714 1045 3767 Gaius
1062 3716 1149 3769 Instit
1166 3715 1192 3783 3,
1213 3715 1280 3770 212.

198 3807 200 3814 ‘
300 3813 357 3848 non
375 3798 466 3852 solum
484 3801 568 3854 occisi
588 3797 630 3868 sit
648 3799 823 3862 aestimatio,
851 3791 901 3854 sed
927 3799 1107 3871 eoamplius
1133 3814 1282 3872 computa·

300 3890 360 3944 tur,
378 3881 452 3952 quod
470 3883 566 3948 ceteri,
584 3886 632 3954 qui
648 3893 812 3956 supersunt,
835 3884 985 3954 depretiati
1004 3895 1077 3939 sunt.
1110 3886 1198 3942 Aliter
1215 3886 1280 3937 Sal-

155 4041 164 4055 ,
248 3984 258 4000 ν’
296 3965 357 4017 lust.
377 3969 433 4034 Iug.
452 3967 503 4031 80,
522 3967 548 4020 6.
570 3968 644 4041 quod
663 3968 767 4040 singuli
789 3987 841 4038 pro
860 3969 963 4040 opilius
980 3975 1094 4043 quisque
1113 3967 1196 4041 quaeri
1209 3969 1281 4042 plu·
1367 3973 1368 3980 ’

253 4067 259 4080 ·
301 4055 386 4105 ricius
407 4052 522 4115 mores,
544 4053 630 4107 dorcas
648 4053 798 4116 aliialii
814 4054 910 4125 plures
928 4053 1049 4111 habente
1073 4053 1123 4110 sed
1148 4051 1229 4128 reges
1246 4073 1283 4111 eo
1367 4081 1368 4094 ¹

304 4136 432 4212 anplius.
459 4138 478 4193 i.
497 4155 521 4194 e.
537 4139 624 4210 plures
644 4140 696 4192 hoc
712 4155 828 4238 numero.
