2726 4746
82 369 84 379 ,
120 297 126 318 ⁴
223 322 286 390 472
331 377 334 388 .
598 286 763 422 a'ern.
789 397 793 406 1
817 316 901 380 aaa
976 264 986 288 ‘

295 475 357 544 Dig.
376 469 427 546 26,
449 470 481 536 1,
501 467 552 538 22,
570 467 595 522 4.
631 469 685 522 Cic.
706 471 739 522 de
759 473 814 523 Inv.
842 468 877 534 1,
901 467 953 532 32,
985 465 1030 521 54.
1057 472 1110 538 pro
1138 485 1173 522 eo
1203 487 1238 521 ac
1262 472 1286 523 ri

298 572 454 614 concessum
478 561 525 611 sir.
560 559 624 608 Post
647 557 775 624 proxime
800 556 855 608 Gic.
881 554 915 605 ad
939 555 1012 606 Fam.
1036 551 1070 618 9,
1097 551 1148 616 13,
1175 551 1205 604 4.
1229 573 1286 622 ιιιοιι

278 653 413 718 'possam
439 658 491 712 ego
518 659 575 693 non
598 647 650 712 aaa
666 645 796 710 proxime
820 639 905 710 atque
930 637 996 707 ille,
1020 649 1071 692 ant
1088 642 1179 693 stiam
1202 657 1286 712 aequ

306 728 444 785 laborare.
462 727 514 788 uid.
534 725 659 778 Schelleri
678 728 785 779 Observ.
802 745 829 797 p.
849 723 909 778 174.
989 791 992 796 .
1039 738 1042 750 ¹

335 851 394 902 Huc
412 849 530 920 pertinet
547 847 625 902 etiam
642 846 748 898 verbum
766 854 890 914 arctare,
917 843 992 913 quod
1005 841 1112 912 ponitur
1132 859 1185 912 pro
1209 841 1288 896 aliud

300 951 369 990 esse.
396 935 493 1005 aaut„
507 933 564 983 Mil.
586 931 619 998 4,
637 931 672 998 3,
688 931 731 985 37.
757 929 892 1001 nauaquid
909 927 1021 984 videtur
1038 928 1186 984 demutare
1205 943 1287 1001 atquc

203 1043 207 1060 ·
303 1022 344 1072 nri
362 1037 414 1090 ego
433 1018 519 1072 diri?
539 1019 631 1088 Amph.
648 1015 728 1085 1,1‚
747 1014 806 1066 118.
828 1031 916 1086 neque
936 1027 965 1070 sa
982 1013 1216 1090 locatquoqnam
1234 1036 1287 1068 ma-

301 1113 346 1158 rat
366 1115 449 1175 arque
467 1107 511 1158 uti
527 1115 626 1158 exorta
644 1113 687 1157 ert
704 1099 798 1155 semol.

144 1203 148 1212 ¹
221 1241 254 1290 ¹.
318 1227 370 1290 162
405 1221 470 1285 Sed
498 1221 594 1287 etiam
618 1219 799 1302 vocabulo,
836 1219 931 1307 quod
952 1218 1208 1284 similitudinem
1239 1221 1289 1284 vel

234 1305 534 1372 dissimilitudinem
554 1305 732 1394 significet,
745 1305 882 1388 omisso,
904 1323 1026 1390 ATQVE
1041 1307 1288 1390 comparationi

233 1393 373 1464 inservit
383 1392 447 1471 ita,
479 1403 517 1456 ut
533 1415 655 1478 aeque,
675 1403 774 1457 tanto
800 1415 855 1456 ere
870 1391 922 1456 vel
938 1389 1028 1455 aliud
1043 1387 1141 1456 huius
1159 1393 1288 1476 generis

170 1519 182 1556 s
234 1477 373 1542 verbum
396 1477 645 1565 intelligendum
673 1479 725 1542 sit.
768 1415 806 1542 ld
833 1475 928 1544 facile
945 1499 963 1541 e
979 1486 1139 1542 contextu
1167 1477 1289 1542 verbo-

235 1584 313 1632 rum
329 1563 505 1651 colligitur.
549 1563 722 1651 Propriam
737 1563 921 1652 ‚particulae
944 1564 1012 1628 vim
1034 1563 1197 1648 aequandi
1216 1564 1287 1648 quis

235 1671 308 1718 non
321 1651 498 1738 agnoscat?
520 1649 678 1716 Oratores
702 1661 815 1716 tamen
839 1647 1067 1716 abstinuerunt
1090 1647 1152 1714 hac
1177 1649 1288 1715 brevi·

237 1743 319 1803 late:
343 1758 415 1804 uon
430 1737 516 1802 item.
528 1735 766 1802 iurisconsulti.
1060 1781 1063 1786 .
1250 1764 1252 1768 ·
1343 1729 1345 1824 1

350 1857 436 1908 Plant.
462 1858 520 1912 Cas.
545 1855 579 1921 4,
597 1855 631 1922 4,
648 1856 691 1910 21.
718 1854 820 1911 nebula
837 1853 913 1908 haud
931 1865 973 1908 est
987 1853 1085 1908 mollis
1106 1866 1192 1927 atque
1210 1853 1289 1909 huius
1344 1853 1346 1948 1

307 1951 359 1992 ert.
387 1943 431 1993 uhi
455 1941 595 2000 Lambinus
620 1943 724 1994 addidit
749 1960 851 2013 aeque,
881 1942 928 1993 sed
952 1942 1019 1993 bene
1043 1942 1191 1994 illustravit
1218 1961 1298 2007 nsum,
1345 1949 1346 1956 ’

305 2025 466 2078 Taubmann.
484 2027 636 2093 qaem'vids
653 2027 732 2078 etiam
752 2028 786 2080 ad
804 2028 896 2096 Amph.
912 2027 948 2091 2,
967 2023 1001 2090 4,
1019 2025 1044 2077 8.
1071 2033 1099 2078 et
1122 2028 1250 2078 stewech.
1268 2047 1288 2077 s.
1345 1979 1347 2088 1

306 2123 332 2158 ν.
352 2126 449 2180 aeque.
480 2112 573 2160 Bacch.
590 2101 608 2160 5
617 2143 625 2170 ,
646 2106 664 2158 6
672 2111 686 2169 ,“
700 2108 743 2169 20,
763 2124 842 2177 quem
859 2129 918 2168 csso
934 2116 1053 2165 amicam
1072 2122 1151 2164 ratus
1168 2131 1230 2164 snm
1247 2123 1287 2164 at·
1347 2103 1348 2176 1

307 2209 360 2262 que
376 2194 453 2264 ipsas
472 2209 533 2246 sum
551 2192 626 2248 mihi.
658 2192 769 2261 Priapei.
786 2191 836 2256 32,
854 2191 881 2242 7.
906 2207 975 2261 quae
1000 2209 1082 2245 sacco
1107 2209 1185 2249 caret
1200 2205 1288 2266 'arque
1348 2228 1349 2266 1

308 2271 528 2349 putiispnmerr.
564 2280 618 2331 Cic.
635 2277 669 2330 ad
686 2280 757 2328 Fam.
779 2276 830 2340 12,
850 2275 892 2329 13.
911 2262 998 2346 nepae
1015 2279 1088 2330 eninr
1107 2281 1233 2330 omnium
1252 2283 1290 2330 ia·
1348 2271 1349 2276 ¹

307 2359 383 2414 dicio
392 2361 488 2415 malim
496 2383 564 2417 mea
575 2363 812 2427 recommendati,
829 2359 912 2433 quam
922 2364 978 2431 ipsi
987 2372 1035 2413 mo
1044 2357 1150 2423 iudicio
1159 2362 1245 2434 digne
1259 2384 1290 2416 ae
1349 2352 1350 2376 ¹

296 2458 415 2499 *mereor
433 2447 641 2501 commendatas
661 2465 728 2500 csse.
764 2449 804 2498 lta
822 2448 940 2498 restitnit
959 2447 1111 2510 Ernestins,
1137 2465 1290 2519 quamquam

140 2583 141 2591 ¹
245 2521 263 2556 ·'
308 2529 375 2588 adeo
394 2529 427 2582 de
443 2533 530 2584 verbis
548 2551 581 2586 ae
600 2549 705 2587 mereor
720 2533 859 2588 sollicitas.
894 2533 946 2585 Sed
964 2533 1018 2586 vid.
1037 2532 1167 2586 Schelleri
1186 2537 1290 2589 Obsera.

192 2649 195 2657 ,
307 2631 336 2684 p.
353 2613 412 2667 178.

246 2767 249 2775 ,
356 2717 399 2770 ilic
418 2719 497 2770 etiarn
516 2719 545 2770 in
567 2719 680 2772 formula
697 2739 731 2772 ae
749 2722 783 2774 si·
816 2710 926 2772 Paullus·
940 2720 969 2772 in
990 2721 1095 2788 Digest.
1119 2737 1145 2787 2,
1163 2721 1208 2788 14,
1225 2722 1251 2787 4,
1267 2723 1292 2788 3,

152 2832 156 2854 ‹
306 2801 496 2875 conditionem
512 2808 600 2860 inesse
615 2803 797 2876 stipulationi
806 2839 817 2866 5.
831 2815 913 2875 atque
932 2809 958 2860 si
972 2804 1023 2858 hoc
1043 2817 1208 2876 expressum
1220 2807 1293 2879 fnis-

167 2871 171 2918 1
246 2935 250 2942 ,
309 2895 363 2938 εει.
395 2889 449 2956 19,
466 2891 501 2954 2,
521 2890 565 2942 54.
584 2891 771 2960 Tryphoninus
792 2889 844 2956 23,
861 2891 896 2954 3,
914 2890 963 2946 76.’
992 2892 1051 2943 aaa
1071 2893 1125 2943 vid.
1145 2895 1217 2963 apud
1235 2900 1293 2946 Ste-

298 2973 392 3030 mech.
423 2975 564 3046 Inscriptio
582 2977 651 3045 apud
672 2978 813 3028 Gruterum
827 2995 853 3046 p.
870 2973 941 3039 475,
961 2975 987 3028 3.
1012 2978 1225 3050 ronrarodisqae
1247 2999 1294 3051 prr·

310 3053 408 3126 blicis,
431 3065 506 3116 acsi
526 3061 635 3117 decurio
654 3057 802 3130 frueretur.
855 3049 859 3061 ¹

134 1563 146 1598 b

261 3243 265 3250 ,
316 3179 383 3246 ,17.
412 3179 497 3244 Vsus
513 3179 693 3266 particulae
710 3197 831 3256 ATQvE
854 3191 932 3266 post
946 3177 1186 3248 adiectirorum
1204 3205 1296 3246 com-

241 3261 427 3350 parativos,
461 3265 495 3332 in
521 3287 587 3350 quo
611 3287 647 3328 ea
671 3263 712 3327 ad
737 3263 841 3330 vicem
865 3265 1018 3333 vocabuli
1035 3291 1140 3355 qaam
1156 3269 1296 3356 propius

244 3340 386 3430 accedit,
409 3349 575 3422 notandus
592 3359 640 3414 est
653 3361 792 3440 propter
806 3352 1063 3443 ipsos.auctores
1080 3365 1114 3418 et
1129 3355 1296 3442 sempera.

246 3430 402 3496 Oratores
424 3436 512 3499 enim
534 3435 595 3500 hac
623 3435 766 3501 dictione
799 3451 1002 3524 numquam,
1043 3451 1105 3522 aut¹
1129 3442 1298 3506 rarissime

243 3527 400 3593 utuntur,
433 3521 638 3608 frequentius
662 3532 790 3604 poetae.
833 3522 874 3584 Et
899 3524 1062 3600 veteribus
1087 3545 1125 3590 ea
1150 3528 1218 3594 iarn
1241 3548 1297 3589 co-

246 3601 456 3750 gpita·terat;
493 3605 731 3672 recentioribus
758 3605 934 3692 elegantiae
957 3631 1069 3676 caussa
1092 3633 1299 3700 magnopere

245 3708 268 3775 p
284 3709 355 3752 aaut
372 3735 381 3752 .
850 3707 853 3720 '

252 3825 256 3832 ·
348 3807 434 3861 Plaut.
451 3811 532 3863 Mete.
549 3809 583 3876 5,
603 3811 636 3874 2,
653 3808 697 3866 56.
720 3811 834 3864 amicior
862 3811 931 3867 mihi
951 3814 1048 3869 nullus
1071 3799 1144 3870 vivit
1169 3825 1258 3888 atque
1277 3817 1299 3868 ir

259 3923 263 3929 ·
312 3900 363 3944 esta
398 3896 607 3948 Toronaeum.
625 3892 658 3961 4,
677 3897 711 3961 2,
730 3894 848 3978 pisana
868 3897 1015 3970 Apollinis
1036 3905 1241 3973 magistrarum
1259 3910 1298 3954 at·

253 3989 259 4001 '
314 3991 366 4048 qur
392 3975 452 4029 hoc*
472 3989 634 4050 responsam
661 3993 712 4036 est.
746 3983 791 4032 ubi
815 3982 955 4036 Ruhnken.
979 3986 1076 4054 Virgil.
1098 3989 1164 4036 Aen.
1185 3984 1221 4050 3,
1241 3982 1298 4035 561.

312 4051 390 4114 1ιιὶιιι1
407 4064 495 4115 minas
513 4085 545 4118 ac
563 4069 632 4120 iussi
643 4062 768 4136 faciant.
805 4069 899 4120 Catull.
917 4067 966 4136 61,
986 4065 1050 4124 176.
1070 4069 1191 4126 illinon
1210 4076 1298 4124 atinus

267 4181 276 4208 .
312 4167 346 4202 ar
364 4145 416 4204 tibi
434 4161 545 4223 pectore
564 4153 652 4206 uritur
677 4151 774 4208 intimo
800 4151 930 4225 flamma.
965 4159 1059 4210 Horat.
1076 4159 1131 4209 Sat.
1149 4153 1237 4224 2,.7,
1254 4153 1296 4207 96.
