2760 4748
592 299 662 369 art.
804 269 808 276 ’
1088 308 1151 374 etr
1184 402 1192 422 ι

100 442 294 602 quaerentis
318 455 475 540 sententia
488 467 731 550 praeoccupata
747 456 786 526 ad
801 457 936 524 alteram
951 469 1080 546 partem
1097 459 1150 528 af·
1241 493 1243 502 v

126 541 303 606 rmandam
325 541 445 624 flectit,
479 564 549 608 non
573 553 683 631 potest
702 566 774 608 uon
800 545 971 611 admittere
997 568 1044 611 an
1066 571 1146 624 non.

100 625 423 694 VelutiTerAEhor.
440 628 471 704 5,
491 633 522 708 6,
546 635 597 695 12.
615 630 1153 718 ianceatquemquoero,unnon?.
1266 636 1277 669 ·'

101 711 225 796 ipsust.
275 711 315 776 ln
338 713 546 782 necnenulla
567 717 706 782 omnino
722 726 772 780 est
796 717 982 804 oppositio,
1010 717 1069 782 sed
1092 741 1153 782 εει
1216 739 1218 750 “

102 797 210 882 qualis
223 797 259 862 in
273 809 411 885 utraque
427 809 519 888 parte
535 800 706 866 dubitatio.
752 801 820 866 Cic.
844 821 880 889 p.
902 803 990 868 Mur.
1011 807 1070 885 11,
1090 804 1162 871 126.

93 893 216 968 posset
238 883 302 969 ogi
326 883 403 971 lege
426 909 548 965 necue,
563 887 674 972 pauci
689 886 862 974 quondum
885 886 1050 953 sciebant.
1077 887 1100 952 i.
1113 899 1162 958 Β(

101 969 201 1055 pauci
217 969 373 1053 sciebant,
388 981 500 1058 posset
508 971 558 1058 agi
574 973 604 1036 le
628 995 644 1037 e
660 983 693 1037 et
706 994 777 1036 uon
785 979 911 1060 posset.
952 975 1067 1038 Horat.
1077 972 1145 1052 Sat.

104 1060 141 1154 13
165 1058 205 1134 4,
227 1055 281 1153 45.
302 1055 454 1142 qnidam,
473 996 650 1122 comoedia
665 1081 770 1124 necne
781 1051 907 1144 poema
921 1071 1027 1140 esset,
1039 1081 1147 1157 quas-

100 1162 221 1219 savere,
251 1163 274 1204 1.
288 1163 317 1204 c.
348 1152 431 1208 essct
458 1153 493 1208 et
514 1166 582 1208 non
608 1153 709 1226 esset,
745 1153 924 1231 utrumque
946 1159 1145 1232 quaesivere.

102 1226 138 1290 Si
147 1225 328 1313 scripsisset
342 1251 389 1316 un
404 1251 483 1309 non,
507 1229 597 1314 quod
610 1231 722 1317 potuit
740 1230 784 1294 ob
802 1253 849 1311 ea,
867 1251 950 1316 quae
967 1229 1144 1312 adduntur,
1248 1306 1252 1312 q

100 1313 263 1376 sententia
276 1314 466 1396 negantium
481 1315 623 1379 indicata
642 1325 735 1380 osset.
784 1316 872 1384 Haec
892 1317 1008 1387 cadem
1033 1336 1150 1388 caussa·
1236 1325 1239 1334 ’

101 1407 170 1474 est,
200 1409 404 1485 quapropter
425 1423 536 1466 necne
553 1423 623 1464 non
649 1401 712 1466 nisi
734 1401 769 1466 in
792 1399 925 1488 obliqua
950 1403 1153 1499 interroget·¹
1210 1422 1220 1447 r

99 1485 194 1547 tione
209 1484 293 1570 poni
309 1485 431 1564 soleat,
452 1509 498 1549 on
510 1509 579 1550 non
593 1485 791 1576 plerumque
808 1487 842 1550 in
859 1498 964 1569 recta}
983 1485 1093 1552 rarius
1107 1509 1144 1550 rn

1193 1219 1217 1251 ὁ

100 1569 249 1654 obliqua.
294 1569 367 1649 Qui
381 1571 469 1636 enim
488 1581 577 1636 recta
601 1572 750 1639 oratione
766 1572 910 1658 quaerit,
941 1582 1064 1636 certam
1081 1570 1144 1634 ad·
1209 1611 1216 1618 -

100 1653 192 1718 hibet
209 1655 470 1738 distinctionem,
494 1667 527 1720 et
549 1667 678 1720 tantum
701 1679 771 1720 non
794 1680 926 1744 semper
948 1667 1151 1743 occupatam.

31 1816 33 1821 s
97 1742 411 1809 sententiamtenet.
455 1741 493 1806 In
509 1743 698 1806 narratione
722 1742 803 1806 etin
820 1763 1029 1829 quocumque
1043 1741 1141 1806 dubi-

98 1826 303 1900 tationis'vel
321 1827 518 1924 quaestionis
544 1826 648 1892 factae
665 1827 807 1906 indicio,
830 1829 921 1914 quod
943 1827 1144 1915 exprimitur

99 1913 252 1976 oratione
267 1911 411 1997 obliqua,
438 1913 581 1979 diversae
595 1936 658 1987 res,
676 1912 717 1978 de
733 1913 849 2000 quibus
863 1914 1039 1995 dubitatur,
1057 1913 1150 1986 sim-,

97 1997 231 2085 pliciter
246 1999 472 2084 nominantur,
495 1999 685 2088 aequalique
701 1999 803 2064 modo
818 2009 1013 2064 nectuntur:
1038 2019 1141 2084 quara

96 2093 188 2148 recte
205 2094 454 2170 componuntur
475 2108 535 2171 per
555 2085 779 2173 copulativam
797 2107 917 2150 necue.
966 2087 1073 2172 Atque
1097 2085 1142 2148 ita

97 2167 153 2250 fit,
183 2177 220 2232 ut
244 2169 356 2255 posito
381 2193 485 2237 necue
508 2171 597 2236 idem
621 2171 759 2236 verbum
780 2169 885 2236 rarius
910 2169 1143 2256 inrogatione
1226 2201 1229 2216 ·

96 2257 222 2320 iterum
245 2257 413 2341 repetatur
432 2277 534 2340 quam
554 2257 739 2324 omittatura
767 2255 801 2318 id
833 2256 922 2342 quod
952 2255 1148 2326 Ernestiumi

63 2341 68 2346 ’
97 2350 271 2427 tantopere
286 2339 415 2419 fefellit,
430 2351 467 2404 ut
483 2343 523 2406 ad
540 2342 608 2406 Cic.
626 2342 656 2406 T
660 2346 772 2420 uso.2,
799 2346 856 2421 12,
882 2345 936 2408 29.
958 2351 991 2404 et
1009 2341 1049 2406 de
1064 2339 1148 2410 Nat.

98 2425 132 2490 d.
150 2431 190 2506 3,
214 2429 251 2505 7,
277 2431 327 2490 17.
343 2426 490 2526 regulam
504 2427 730 2495 incredibilem
746 2425 943 2506 conficeret,
968 2427 1059 2514 quasi
1077 2426 1141 2528 ,qt-

98 2533 177 2576 cero
191 2531 373 2596 numquam
390 2535 424 2576 in
441 2511 502 2578 hao
515 2513 710 2602 loquutione
732 2513 823 2576 ¹idem
838 2513 975 2579 verbum
993 2510 1050 2576 bis
1067 2531 1149 2600 po-¹

96 2597 234 2672 suisset,
253 2607 285 2661 et
300 2598 481 2686 scripsisset
495 2600 557 2665 boc
572 2599 670 2675 doce,
684 2587 832 2668 ”doleam
847 2622 963 2680 necue,
978 2595 1067 2662 nibil
1081 2597 1146 2660 ι’νι-ι.
1201 2657 1203 2664 ,

96 2695 239 2760 teresse,
273 2705 342 2748 uon
374 2683 529 2765 doleam,
563 2709 667 2754 necne
700 2684 845 2750 doleam.
894 2684 980 2750 Nam
1004 2681 1141 2768 quando

94 2768 193 2833 notio
213 2768 303 2832 verbi
319 2789 395 2832 cum
416 2769 612 2837 distinctiori
628 2772 658 2834 vi
675 2770 884 2855 intelligitur,
906 2770 1004 2834 etiam
1022 2769 1142 2847 Cicero.

95 2854 150 2918 bis
166 2849 263 2940 ponit
285 2854 440 2922 verbum.
471 2877 533 2920 neo
555 2857 733 2940 quidquam
758 2856 829 2940 ipae
847 2853 1012 2926 Ernestius
1030 2865 1138 2920 muta-

95 2941 144 3004 vit
158 2939 193 3002 in
210 2939 286 3010 libr.
305 2941 344 3006 de
366 2940 476 3006 Diviu.
499 2948 534 3021 1,
557 2945 616 3022 39,
638 2945 691 3008 86.
728 2937 803 3008 Vid.
817 2941 946 3020 Davis,
958 2938 1137 3010 Heindorf.

95 3036 130 3090 ct
152 3025 276 3089 Moser.
301 3027 341 3090 ad
366 3027 432 3090 Cic.
458 3027 498 3092 de
523 3027 597 3092 Nat.
621 3027 653 3090 d.
677 3031 794 3106 3,17.·
822 3026 933 3090 Bremi
952 3026 990 3089 ad
1012 3026 1079 3093 Cic.
1096 3025 1141 3091 de
1172 3045 1178 3052 ’

94 3111 178 3176 Fato
203 3133 238 3197 p.
261 3112 313 3259 ql.
361 3113 523 3179 Goerenn.
539 3113 579 3180 ad
589 3112 670 3178 libr.
687 3111 727 3176 de
743 3111 814 3178 Fin.
834 3113 872 3188 5,
894 3115 952 3194 16,
974 3111 1026 3176 45.
1067 3110 1144 3176 Liv..

7 3311 12 3314 ·
118 3245 135 3324 .'
180 3243 223 3346 ll:
264 3283 351 3348 Haec
376 3283 509 3369 quidem
532 3283 572 3348 de
597 3282 873 3358 interrocationc,
904 3282 941 3350 in
966 3302 1040 3369 ‚qua
1070 3279 1143 3352 duo

94 3366 248 3432 membra
263 3367 371 3437 verbis
390 3371 632 3457 exprimqnttrr.
676 3334 748 3459 Sad-
764 3367 874 3436 omitti
894 3377 1006 3467 potest
1032 3367 1146 3454 prima,

94 3475 174 3540 pars
194 3453 431 3517 disiunctionls.
473 3456 558 3520 Hinc
574 3453 928 3538 exsistitinterrogatio
952 3473 1013 3539 per
1035 3464 1145 3526 unam

93 3538 291 3626 particulam
308 3561 352 3602 un
372 3537 534 3618 formata,
562 3540 652 3604 cuius
668 3539 738 3608 uim
754 3557 789 3602 aa
805 3540 1045 3626 proprietatem
1067 3549 1141 3606 nutt-

95 3646 165 3688 uuo
195 3623 310 3699 modo,
336 3625 576 3692 constituerunt
603 3625 817 3714 grammatici.
868 3624 1143 3694 'stirsellinrts'·e't

93 3711 213 3774 Parcus
231 3710 260 3775 ei
274 3709 458 3774 tribuerunt
479 3710 547 3780 vim
569 3711 712 3784 intendi
733 3710 944 3798 negantique:
958 3706 1140 3778 uehemens

94 3797 179 3860 tius:
204 3794 420 3860 schwartzius
445 3796 543 3860 etiam
557 3796 624 3860 vim
637 3796 843 3883 occupandi,
869 3817 973 3882 ‚quam
997 3795 1139 3875 alienum
1238 3803 1249 3870 ἶ

93 3904 167 3944 esse
182 3881 311 3945 notavit
325 3880 517 3963 Ernestius‚
542 3882 600 3946 sed
619 3891 753 3946 temere.
802 3881 910 3948 Etiam
932 3883 1138 3949 Hermannus

94 3965 275 4053 aliquando
297 3965 513 4052 opinabatur,
536 3991 583 4032 ora
596 3967 734 4054 proprie
756 3967 922 4052 roquirere
945 3943 1144 4054 responsios'

93 4075 174 4119 nem
191 4053 390 4137 negativam.
435 4053 647 4118 Contrarium
658 4080 659 4089 ¹
672 4051 788 4118 docuit*
801 4053 974 4120 Schiitnius'
988 4052 1051 4120 his.
1058 4060 1141 4116 uer-1

93 4139 164 4204 bia:
194 4137 380 4223 „Porticula
406 4156 454 4210 au
477 4139 626 4228 primum
649 4139 873 4228 praeponitur·
886 4135 1138 4225 interrogationi
