2760 4748
225 308 290 374 ³16
717 304 788 372 AN.

163 443 168 456 ’
225 465 263 542 2,
288 461 341 526 44.
364 481 431 526 nou
447 457 584 546 impulit
602 478 674 531 me,
697 451 783 522 daec
807 477 897 520 nune
921 457 1059 523 omniuo
1086 469 1125 522 ut
1148 458 1273 526 erede-

224 559 310 612 rem.
331 546 439 632 Atque
452 542 548 608 lmud
562 543 631 606 seia
648 564 706 617 eu,
729 565 815 628 qrrae
831 541 931 617 dixit,
952 544 1022 608 siut
1040 564 1121 608 vera
1137 547 1271 610 omnia.

224 651 338 696 sensus
364 651 433 695 esse
457 639 585 717 potesta
617 649 687 692 non
715 627 813 692 credo
836 626 1051 692 haecomnia
1077 650 1151 694 vera
1177 653 1270 695 esse:

224 726 257 782 et
274 715 318 778 ita
334 735 508 802 perperam
525 713 686 799 explicuit*
704 713 901 799 Bergmann.
917 713 952 776 in
966 715 1092 778 Annot.
1110 715 1150 778 ad
1171 715 1271 804 Elog.

221 799 573 888 Hemsterhus.p.312.
592 809 699 862 tamen
710 797 865 862 Chremes
873 796 951 862 haee
964 799 1051 863 vult:
1073 801 1271 888 nonimpu-

220 885 261 950 lit
281 908 353 964 mc,
381 885 462 950 baec
484 896 521 948 ut
536 884 721 959 crederem,
745 893 843 974 atque
867 883 901 968 (i.
927 905 956 948 e.
980 895 1012 948 et
1028 885 1129 966 item,
1144 877 1272 952 sive'et

222 969 318 1056 adeo)
344 971 457 1036 omnia
472 991 546 1036 vara
571 991 639 1050 esse
663 979 815 1055 possunt.
857 968 945 1033 Nam
969 970 1162 1034 uu‘iudicat
1186 971 1269 1036 alie·

221 1078 300 1122 nam
325 1067 357 1121 et
384 1058 582 1122 contrariam
599 1055 813 1134 sententiam,
840 1076 940 1140 quam
963 1077 1025 1118 nos
1047 1056 1269 1142 exprimimus

219 1139 327 1206 verbis
351 1140 391 1206 ob
415 1142 590 1221 aiehnelrr,
621 1150 653 1204 et
676 1139 890 1226 interposita,
947 1161 1005 1204 uae
1029 1142 1267 1228 grammaticos

222 1249 320 1314 saepe
342 1223 478 1299 fefellit,
508 1225 681 1314 negatione
700 1223 741 1287 ob
757 1225 851 1288 uiolet
875 1162 1044 1293 uieimelar.
1094 1226 1138 1290 Et
1160 1225 1269 1292 habe-

221 1333 297 1376 mus
313 1312 412 1376 huius
436 1310 627 1376 offensionis
644 1309 848 1375 luculentum
864 1311 1055 1396 exemplum
1075 1311 1110 1376 in
1127 1311 1268 1378 Terent.

221 1397 357 1462 Pborm.
374 1399 413 1476 5,
436 1403 475 1478 2,
498 1401 529 1463 9.
552 1397 594 1460 D.
618 1394 741 1460 Etiam
755 1393 837 1459 idne
852 1395 991 1460 dubium
1005 1393 1080 1464 eet?
1101 1398 1141 1462 G.
1156 1396 1269 1462 Haud

220 1483 309 1562 ecio,
332 1481 460 1556 burele,
479 1493 516 1546 ut
529 1483 678 1560 denuost,
709 1504 756 1545 un
779 1492 884 1546 mutet
909 1482 1073 1546 auiurum.
1115 1484 1158 1548 D.
1177 1481 1268 1548 Hem

218 1579 326 1634 mutet
341 1565 482 1632 autem?
505 1568 546 1632 G.
570 1565 704 1632 Nescia.
727 1589 839 1630 aeriam
861 1567 893 1632 si
909 1565 1024 1656 forte,
1047 1567 1135 1632 dieo.
1177 1569 1266 1634 Haec

100 1681 103 1686 ·
218 1653 320 1742 igitur
345 1653 535 1742 ambiguitas
565 1675 607 1717 ne
637 1652 862 1740 perspicuitati
894 1663 1047 1730 noceret,
1083 1651 1267 1751 prudenter

221 1749 377 1804 caverunt
399 1740 563 1804 constanti
583 1739 728 1823 quodam
751 1759 814 1800 usu
839 1739 1039 1824 antiquiores
1062 1747 1264 1826 scriptores:

216 1824 386 1910 inquibus
410 1823 443 1886 id
467 1833 541 1886 ante
557 1822 668 1887 omnic
692 1823 887 1898 tenendum,
916 1846 963 1900 au
985 1846 1056 1888 noa
1078 1822 1266 1909 significare

212 1907 412 1994 'simpliciter
429 1905 488 1985 ab,
511 1905 571 1972 sed
587 1908 621 1980 ia
639 1907 877 1974 recentioribus
892 1918 1021 1973 tantum
1034 1909 1140 1974 minui
1163 1911 1264 1974 istam

191 1991 195 1998 ’
218 1993 283 2056 vim
300 1992 538 2057 disiunctivam.
591 1993 722 2057 Plautus
747 2002 890 2080 quatuor
906 1993 990 2057 locis
1008 2018 1026 2058 a
1041 1993 1138 2063 nobis
1157 1994 1263 2060 allatis

216 2078 387 2166 usurpavit
402 2079 513 2158 nescio
529 2079 564 2144 in
579 2078 755 2144 bimembri
773 2077 1008 2144 disiunctione:
1029 2099 1196 2166 nusquam
1212 2081 1265 2144 di-

125 2199 128 2208 =
215 2165 266 2229 xit
285 2164 399 2230 neseio
421 2187 489 2235 aar
516 2165 564 2229 bis
596 2165 680 2245 dirrit
705 2163 801 2232 uarat
822 2163 893 2232 aeia
915 2187 982 2229 ara:
1003 2164 1149 2230 Mostell.
1166 2172 1205 2240 3,
1229 2172 1261 2242 2,

214 2255 268 2316 96.
284 2273 373 2315 nuuc
381 2251 469 2316 laune
479 2250 578 2318 barud
586 2251 656 2316 scia
669 2273 716 2316 aa
727 2249 910 2340 colloquar.
919 2249 1140 2350 congredior.
1159 2251 1260 2338 Epid.

213 2338 313 2412 4,1,
338 2340 387 2400 16.
417 2335 514 2402 haud
542 2337 612 2402 scia
639 2359 686 2401 un
710 2335 936 2424 congrediar,
968 2359 999 2400 aa
1020 2337 1107 2402 baec
1129 2359 1174 2400 ea
1199 2348 1261 2402 eat.

214 2419 272 2482 ubi
294 2419 476 2504 loquuntur
498 2423 534 2486 in
558 2421 767 2488 cunctatione
795 2420 1011 2503 haesitantes,
1042 2421 1100 2486 sed
1124 2421 1165 2486 ad
1187 2445 1260 2487 rem
1366 2451 1367 2456 ¹

214 2503 374 2591 agendam
394 2505 599 2570 inclinantes.
643 2507 752 2572 Etiam
770 2506 943 2572 Terentius
968 2528 1152 2593 numquam
1178 2507 1262 2573 dixit

147 2649 156 2658 .
211 2589 324 2654 neseio
340 2613 407 2669 au,
429 2589 486 2654 sed
504 2601 646 2680 quatuor
662 2591 745 2654 loeis
759 2590 855 2658 bared
867 2593 938 2656 seia
954 2615 1013 2658 en.
1043 2593 1146 2658 Andr.
1163 2597 1202 2672 3,
1227 2599 1260 2676 2,

211 2675 265 2742 45.
287 2675 423 2741 Phorm.
448 2676 487 2758 5,
508 2683 547 2758 2,
567 2681 599 2742 9.
622 2675 769 2752 ΑάεΙ.4,
790 2676 830 2755 5,
852 2681 905 2742 83.
966 2678 997 2741 ai
1017 2675 1138 2766 infelix
1163 2679 1262 2743 haud
1365 2727 1366 2746 .

210 2761 283 2826 seio
308 2785 356 2826 au
381 2761 480 2827 illam
509 2761 631 2830 misere
658 2784 748 2828 nunc
779 2773 887 2828 amat.
956 2773 1041 2828 aaut.
1069 2766 1109 2844 5,
1131 2769 1177 2843 -2,
1207 2765 1260 2830 46.

212 2846 320 2911 etium
332 2847 429 2912 baud
451 2847 523 2913 seio
539 2872 587 2914 au
608 2862 746 2914 taxarem
773 2847 889 2912 ducat.
903 2921 907 2927 ¹
921 2847 977 2912 ubi
1002 2848 1258 2914 Westerbovius
1364 2915 1365 2922 ,

211 2929 295 2997 bene
315 2931 517 3013 observavit,
539 2957 606 3000 esse
628 2933 809 3000 formulam
826 2933 1011 2998 verecunde
1021 2944 1053 2996 et
1071 2933 1187 2998 timide
1206 2959 1259 2999 as-

209 3020 398 3084 severantis.
443 3020 577 3098 Cicero,
604 3016 713 3084 Livius
732 3029 765 3084 et
780 3018 834 3082 alii
856 3021 1039 3106 scriptores
1059 3020 1173 3084 nescio
1198 3044 1257 3101 au,
1332 3015 1336 3022 ’

209 3115 243 3168 et
260 3105 358 3170 uarat
370 3104 440 3168 seia
456 3128 503 3169 un
518 3104 563 3166 ita
576 3104 749 3184 dixerunt,
770 3114 808 3166 ut
822 3102 1079 3170 affirmationem
1093 3117 1259 3194 ponerent

209 3211 279 3260 non
294 3193 399 3254 modo
418 3211 459 3252 ex
484 3187 588 3252 aliena
612 3198 667 3252 aut
690 3187 815 3262 ironice
839 3189 922 3254 dicta
946 3191 1123 3270 sententia,
1150 3213 1256 3277 ,quarn

207 3296 270 3336 nos
287 3274 456 3337 reddimus
472 3272 596 3351 verbis,
617 3273 672 3350 iclr
686 3269 783 3361 weiss
805 3271 892 3338 daed
906 3275 1019 3356 uiolet,
1044 3276 1101 3340 sed
1128 3275 1174 3340 ob
1199 3298 1256 3340 ur-

207 3355 359 3422 banitatis
385 3357 649 3426 moderationem
666 3368 698 3424 et
714 3358 746 3422 in
766 3358 949 3424 adhibenda
965 3361 1157 3450 prudentiae
1176 3383 1256 3426 cau-

205 3444 309 3510 tione.
358 3444 445 3510 Nam
462 3445 692 3521 uerecundiae
715 3455 746 3508 et
773 3444 964 3512 urbanitatis
998 3456 1030 3510 et
1060 3447 1256 3533 prudentiae

206 3552 390 3610 caussam,
413 3539 516 3678 (puae,
540 3531 567 3594 si
583 3531 732 3596 animum
749 3529 915 3595 declarare
939 3540 971 3594 et
994 3531 1134 3616 ingenue
1159 3532 1255 3619 loqui

208 3615 353 3690 deceret,
377 3638 423 3680 no
448 3615 475 3678 is
497 3613 689 3680 affirmanda
719 3623 846 3697 essent,
882 3615 923 3680 ad
953 3615 1195 3684 dubitationem
1223 3629 1256 3684 et

205 3699 393 3779 simulatam
408 3701 570 3766 inscitiam
590 3698 783 3782 referimus,
807 3701 899 3787 quasi
920 3702 1103 3766 nesciamus
1120 3703 1171 3767 vel
1191 3703 1257 3768 du-

204 3783 365 3867 bitemus,
383 3796 457 3850 utre
475 3809 492 3850 e
511 3785 634 3850 duabus
650 3785 747 3850 rebus
763 3785 900 3874 probari
918 3786 1051 3862 debeat,
1071 3798 1183 3852 tamen
1204 3790 1256 3854 al-

142 3947 145 3954 ,
203 3871 264 3936 teri
282 3870 347 3950 rei,
372 3893 454 3959 quae
470 3872 592 3952 aliena,
617 3882 672 3936 aut
697 3871 767 3938 aliis
790 3870 981 3935 hominibus
996 3873 1106 3936 miuus
1125 3875 1255 3960 proba-

203 3957 276 4022 bilis
300 3977 367 4020 esse
390 3956 554 4037 videatur,
575 3957 739 4022 maiorem
792 3956 1033 4022 robabilitatem
1057 3958 1254 4026 tribuamus.

202 4045 253 4110 De
301 4061 346 4106 uo
371 4060 432 4105 usu
456 4041 645 4124 rhetorico,
674 4043 741 4107 iam
764 3979 915 4108 &enutio
938 4043 996 4125 (ed
1010 4039 1080 4108 ¹Cic.
1100 4043 1208 4132 Epist.
1223 4052 1255 4128 9,

202 4064 457 4214 9.),q1ambiuo
480 4127 536 4216 (ad
557 4128 623 4216 Cic.
644 4128 734 4195 Lael.
760 4126 819 4214 6.),
838 4123 992 4195 Ernestio
1012 4129 1155 4218 aliisque
1168 4130 1256 4199 bene

603 4411 613 4444 Ι
