<?xml version="1.0" encoding="UTF-8"?>
<!DOCTYPE html PUBLIC "-//W3C//DTD XHTML 1.0 Transitional//EN"
    "http://www.w3.org/TR/xhtml1/DTD/xhtml1-transitional.dtd">
<html xmlns="http://www.w3.org/1999/xhtml" xml:lang="en" lang="en">
 <head>
  <title>
</title>
<meta http-equiv="Content-Type" content="text/html;charset=utf-8" />
  <meta name='ocr-system' content='tesseract 3.04.00' />
  <meta name='ocr-capabilities' content='ocr_page ocr_carea ocr_par ocr_line ocrx_word'/>
</head>
<body>
  <div class='ocr_page' id='page_1' title='image "./ferdinandihandi00torsgoog_0394.png"; bbox 0 0 2760 4748; ppageno 0'>
   <div class='ocr_carea' id='block_1_1' title="bbox 234 329 1276 594">
    <p class='ocr_par' dir='ltr' id='par_1_1' title="bbox 234 329 1276 594">
     <span class='ocr_line' id='line_1_1' title="bbox 234 329 822 454; baseline -0.053 -7"><span class='ocrx_word' id='word_1_1' title='bbox 234 361 299 432; x_wconf 72' lang='lat'>³⁷2</span> <span class='ocrx_word' id='word_1_2' title='bbox 381 449 383 454; x_wconf 19' lang='lat' dir='ltr'><em>s</em></span> <span class='ocrx_word' id='word_1_3' title='bbox 529 329 536 342; x_wconf 83' lang='grc'><em>’</em></span> <span class='ocrx_word' id='word_1_4' title='bbox 689 331 822 420; x_wconf 79' lang='lat' dir='ltr'>aura.</span> 
     </span>
     <span class='ocr_line' id='line_1_2' title="bbox 236 469 1276 594; baseline -0.016 -11"><span class='ocrx_word' id='word_1_5' title='bbox 236 513 415 583; x_wconf 80' lang='lat' dir='ltr'><strong>Ruhnken.</strong></span> <span class='ocrx_word' id='word_1_6' title='bbox 426 491 442 590; x_wconf 92' lang='lat'>,</span> <span class='ocrx_word' id='word_1_7' title='bbox 460 469 492 572; x_wconf 76' lang='lat' dir='ltr'>et</span> <span class='ocrx_word' id='word_1_8' title='bbox 508 506 596 594; x_wconf 90' lang='lat' dir='ltr'>apud</span> <span class='ocrx_word' id='word_1_9' title='bbox 610 506 693 570; x_wconf 90' lang='lat' dir='ltr'>Plin.</span> <span class='ocrx_word' id='word_1_10' title='bbox 710 507 794 582; x_wconf 80' lang='lat' dir='ltr'>Hist.</span> <span class='ocrx_word' id='word_1_11' title='bbox 810 498 927 586; x_wconf 74' lang='lat' dir='ltr'>n.&#39;85,</span> <span class='ocrx_word' id='word_1_12' title='bbox 947 511 1005 587; x_wconf 86' lang='grc'>10,</span> <span class='ocrx_word' id='word_1_13' title='bbox 1023 509 1084 588; x_wconf 80' lang='grc'>86,</span> <span class='ocrx_word' id='word_1_14' title='bbox 1105 509 1137 571; x_wconf 90' lang='lat'>8.</span> <span class='ocrx_word' id='word_1_15' title='bbox 1161 510 1276 572; x_wconf 77' lang='lat' dir='ltr'>omnia</span> 
     </span>
    </p>
   </div>
   <div class='ocr_carea' id='block_1_2' title="bbox 132 591 1277 680">
    <p class='ocr_par' dir='ltr' id='par_1_2' title="bbox 132 591 1277 680">
     <span class='ocr_line' id='line_1_3' title="bbox 132 591 1277 680; baseline -0.01 -12"><span class='ocrx_word' id='word_1_16' title='bbox 132 597 135 605; x_wconf 47' lang='lat'><strong>¹</strong></span> <span class='ocrx_word' id='word_1_17' title='bbox 236 613 317 668; x_wconf 85' lang='lat' dir='ltr'>ante</span> <span class='ocrx_word' id='word_1_18' title='bbox 341 602 383 663; x_wconf 82' lang='lat' dir='ltr'>eir</span> <span class='ocrx_word' id='word_1_19' title='bbox 408 591 638 662; x_wconf 77' lang='lat' dir='ltr'>emendatione</span> <span class='ocrx_word' id='word_1_20' title='bbox 663 593 842 672; x_wconf 81' lang='lat' dir='ltr'>Gronorii,</span> <span class='ocrx_word' id='word_1_21' title='bbox 871 613 966 678; x_wconf 84' lang='lat' dir='ltr'>quem</span> <span class='ocrx_word' id='word_1_22' title='bbox 989 591 1074 656; x_wconf 84' lang='lat' dir='ltr'>vide.</span> <span class='ocrx_word' id='word_1_23' title='bbox 1126 591 1169 656; x_wconf 90' lang='lat' dir='ltr'>Et</span> <span class='ocrx_word' id='word_1_24' title='bbox 1189 595 1277 680; x_wconf 91' lang='lat' dir='ltr'>quod</span> 
     </span>
    </p>
   </div>
   <div class='ocr_carea' id='block_1_3' title="bbox 208 677 1276 948">
    <p class='ocr_par' dir='ltr' id='par_1_3' title="bbox 208 677 1276 948">
     <span class='ocr_line' id='line_1_4' title="bbox 208 677 1276 768; baseline -0.009 -16"><span class='ocrx_word' id='word_1_25' title='bbox 208 719 212 731; x_wconf 49' lang='lat' dir='ltr'>v</span> <span class='ocrx_word' id='word_1_26' title='bbox 235 689 276 753; x_wconf 86' lang='lat' dir='ltr'>ad</span> <span class='ocrx_word' id='word_1_27' title='bbox 298 681 468 749; x_wconf 85' lang='lat' dir='ltr'>accusativi</span> <span class='ocrx_word' id='word_1_28' title='bbox 491 688 688 768; x_wconf 88' lang='lat' dir='ltr'>potestatem</span> <span class='ocrx_word' id='word_1_29' title='bbox 713 679 847 759; x_wconf 79' lang='lat' dir='ltr'>attinet,</span> <span class='ocrx_word' id='word_1_30' title='bbox 878 677 1031 762; x_wconf 86' lang='lat' dir='ltr'>equidem</span> <span class='ocrx_word' id='word_1_31' title='bbox 1052 699 1123 741; x_wconf 91' lang='lat' dir='ltr'>non</span> <span class='ocrx_word' id='word_1_32' title='bbox 1145 679 1276 765; x_wconf 82' lang='lat' dir='ltr'>ignarus</span> 
     </span>
     <span class='ocr_line' id='line_1_5' title="bbox 235 761 1275 912; baseline -0.01 -75"><span class='ocrx_word' id='word_1_33' title='bbox 235 793 309 837; x_wconf 92' lang='lat' dir='ltr'>sum</span> <span class='ocrx_word' id='word_1_34' title='bbox 326 789 443 834; x_wconf 87' lang='lat' dir='ltr'>eorum</span> <span class='ocrx_word' id='word_1_35' title='bbox 467 765 697 863; x_wconf 69' lang='lat' dir='ltr'>depretorum,</span> <span class='ocrx_word' id='word_1_36' title='bbox 717 763 835 848; x_wconf 89' lang='lat' dir='ltr'>quibus</span> <span class='ocrx_word' id='word_1_37' title='bbox 852 783 960 912; x_wconf 58' lang='lat' dir='ltr'>(quum</span> <span class='ocrx_word' id='word_1_38' title='bbox 987 761 1040 826; x_wconf 92' lang='lat' dir='ltr'>alii</span> <span class='ocrx_word' id='word_1_39' title='bbox 1063 766 1275 861; x_wconf 83' lang='lat' dir='ltr'>grammatici,</span> 
     </span>
     <span class='ocr_line' id='line_1_6' title="bbox 234 847 1275 948; baseline -0.008 -26"><span class='ocrx_word' id='word_1_40' title='bbox 234 869 307 921; x_wconf 89' lang='lat' dir='ltr'>tum</span> <span class='ocrx_word' id='word_1_41' title='bbox 331 875 438 940; x_wconf 84' lang='lat' dir='ltr'>nuper</span> <span class='ocrx_word' id='word_1_42' title='bbox 454 849 611 914; x_wconf 89' lang='lat' dir='ltr'>Wullner</span> <span class='ocrx_word' id='word_1_43' title='bbox 625 863 660 912; x_wconf 82' lang='lat' dir='ltr'>tn</span> <span class='ocrx_word' id='word_1_44' title='bbox 676 848 764 912; x_wconf 84' lang='lat' dir='ltr'>libro</span> <span class='ocrx_word' id='word_1_45' title='bbox 786 848 826 912; x_wconf 89' lang='lat' dir='ltr'>de</span> <span class='ocrx_word' id='word_1_46' title='bbox 880 847 987 911; x_wconf 87' lang='lat' dir='ltr'>asrbus</span> <span class='ocrx_word' id='word_1_47' title='bbox 1012 855 1045 910; x_wconf 86' lang='lat' dir='ltr'>et</span> <span class='ocrx_word' id='word_1_48' title='bbox 1066 847 1177 912; x_wconf 80' lang='lat' dir='ltr'>modis</span> <span class='ocrx_word' id='word_1_49' title='bbox 1202 873 1275 948; x_wconf 77' lang='lat' dir='ltr'>ger-</span> 
     </span>
    </p>
   </div>
   <div class='ocr_carea' id='block_1_4' title="bbox 234 933 1276 1114">
    <p class='ocr_par' dir='ltr' id='par_1_4' title="bbox 234 933 1276 1114">
     <span class='ocr_line' id='line_1_7' title="bbox 234 933 1275 1030; baseline -0.01 -22"><span class='ocrx_word' id='word_1_50' title='bbox 234 941 362 1009; x_wconf 85' lang='lat' dir='ltr'>menioe</span> <span class='ocrx_word' id='word_1_51' title='bbox 392 937 516 1030; x_wconf 85' lang='lat' dir='ltr'>scripto</span> <span class='ocrx_word' id='word_1_52' title='bbox 552 958 588 1022; x_wconf 88' lang='lat' dir='ltr'>p.</span> <span class='ocrx_word' id='word_1_53' title='bbox 612 935 665 998; x_wconf 85' lang='grc'>52.</span> <span class='ocrx_word' id='word_1_54' title='bbox 701 933 831 1009; x_wconf 81' lang='lat' dir='ltr'>docuit,</span> <span class='ocrx_word' id='word_1_55' title='bbox 878 933 1061 997; x_wconf 84' lang='lat' dir='ltr'>accusativo</span> <span class='ocrx_word' id='word_1_56' title='bbox 1092 950 1174 997; x_wconf 85' lang='lat' dir='ltr'>&#39;non</span> <span class='ocrx_word' id='word_1_57' title='bbox 1215 936 1275 998; x_wconf 80' lang='lat' dir='ltr'>nisi</span> 
     </span>
     <span class='ocr_line' id='line_1_8' title="bbox 234 1018 1276 1114; baseline -0.01 -22"><span class='ocrx_word' id='word_1_58' title='bbox 234 1025 394 1114; x_wconf 86' lang='lat' dir='ltr'>temporis</span> <span class='ocrx_word' id='word_1_59' title='bbox 426 1022 679 1109; x_wconf 76' lang='lat' dir='ltr'>perpetuitatem</span> <span class='ocrx_word' id='word_1_60' title='bbox 712 1018 870 1100; x_wconf 91' lang='lat' dir='ltr'>indicari,</span> <span class='ocrx_word' id='word_1_61' title='bbox 909 1027 948 1082; x_wconf 91' lang='lat' dir='ltr'>ut</span> <span class='ocrx_word' id='word_1_62' title='bbox 972 1039 1106 1104; x_wconf 78' lang='lat' dir='ltr'>paitcos</span> <span class='ocrx_word' id='word_1_63' title='bbox 1149 1042 1276 1084; x_wconf 84' lang='lat' dir='ltr'>meuses</span> 
     </span>
    </p>
   </div>
   <div class='ocr_carea' id='block_1_5' title="bbox 134 1103 1276 1966">
    <p class='ocr_par' dir='ltr' id='par_1_5' title="bbox 167 1103 1276 1619">
     <span class='ocr_line' id='line_1_9' title="bbox 208 1103 1276 1193; baseline -0.01 -14"><span class='ocrx_word' id='word_1_64' title='bbox 208 1116 260 1180; x_wconf 82' lang='lat' dir='ltr'>si</span> <span class='ocrx_word' id='word_1_65' title='bbox 283 1111 431 1176; x_wconf 87' lang='lat' dir='ltr'>nificarct</span> <span class='ocrx_word' id='word_1_66' title='bbox 454 1128 515 1193; x_wconf 88' lang='lat' dir='ltr'>per</span> <span class='ocrx_word' id='word_1_67' title='bbox 538 1126 663 1192; x_wconf 88' lang='lat' dir='ltr'>paucos</span> <span class='ocrx_word' id='word_1_68' title='bbox 695 1127 837 1170; x_wconf 85' lang='lat' dir='ltr'>menses.</span> <span class='ocrx_word' id='word_1_69' title='bbox 894 1103 958 1168; x_wconf 90' lang='lat' dir='ltr'>Sed</span> <span class='ocrx_word' id='word_1_70' title='bbox 984 1103 1090 1167; x_wconf 85' lang='lat' dir='ltr'>Latini</span> <span class='ocrx_word' id='word_1_71' title='bbox 1124 1103 1276 1170; x_wconf 84' lang='lat' dir='ltr'>dixerunt</span> 
     </span>
     <span class='ocr_line' id='line_1_10' title="bbox 167 1137 1276 1278; baseline -0.009 -13"><span class='ocrx_word' id='word_1_72' title='bbox 167 1191 169 1194; x_wconf 31' lang='lat'>⁵</span> <span class='ocrx_word' id='word_1_73' title='bbox 203 1186 205 1202; x_wconf 56' lang='lat'><strong>¹</strong></span> <span class='ocrx_word' id='word_1_74' title='bbox 235 1137 358 1266; x_wconf 65' lang='lat' dir='ltr'>allone</span> <span class='ocrx_word' id='word_1_75' title='bbox 374 1193 459 1256; x_wconf 83' lang='lat' dir='ltr'>duos</span> <span class='ocrx_word' id='word_1_76' title='bbox 474 1211 583 1254; x_wconf 84' lang='lat' dir='ltr'>anuos</span> <span class='ocrx_word' id='word_1_77' title='bbox 597 1199 768 1271; x_wconf 80' lang='lat' dir='ltr'>mortuus,</span> <span class='ocrx_word' id='word_1_78' title='bbox 799 1187 950 1276; x_wconf 82' lang='lat' dir='ltr'>triginta</span> <span class='ocrx_word' id='word_1_79' title='bbox 974 1201 1222 1278; x_wconf 65' lang='lat' dir='ltr'>annositatem,</span> <span class='ocrx_word' id='word_1_80' title='bbox 1245 1203 1276 1255; x_wconf 92' lang='lat' dir='ltr'>et</span> 
     </span>
     <span class='ocr_line' id='line_1_11' title="bbox 235 1272 1274 1358; baseline -0.01 -8"><span class='ocrx_word' id='word_1_81' title='bbox 235 1283 350 1350; x_wconf 84' lang='lat' dir='ltr'>Graeci</span> <span class='ocrx_word' id='word_1_82' title='bbox 365 1277 482 1342; x_wconf 88' lang='lat' dir='ltr'>eodem</span> <span class='ocrx_word' id='word_1_83' title='bbox 502 1274 607 1338; x_wconf 88' lang='lat' dir='ltr'>modo</span> <span class='ocrx_word' id='word_1_84' title='bbox 630 1274 680 1338; x_wconf 73' lang='lat' dir='ltr'>nul</span> <span class='ocrx_word' id='word_1_85' title='bbox 701 1276 777 1356; x_wconf 73' lang='grc' dir='ltr'><em>χθὲς</em></span> <span class='ocrx_word' id='word_1_86' title='bbox 791 1275 823 1338; x_wconf 77' lang='grc' dir='ltr'>δὲ</span> <span class='ocrx_word' id='word_1_87' title='bbox 835 1275 885 1338; x_wconf 80' lang='grc' dir='ltr'>καὶ</span> <span class='ocrx_word' id='word_1_88' title='bbox 900 1277 1003 1358; x_wconf 72' lang='grc' dir='ltr'><em>τρίτην</em></span> <span class='ocrx_word' id='word_1_89' title='bbox 1015 1272 1130 1357; x_wconf 72' lang='grc' dir='ltr'><em>ἡμέραν</em></span> <span class='ocrx_word' id='word_1_90' title='bbox 1153 1272 1187 1339; x_wconf 77' lang='grc' dir='ltr'>τὰ</span> <span class='ocrx_word' id='word_1_91' title='bbox 1204 1274 1274 1340; x_wconf 77' lang='lat' dir='ltr'>cairi</span> 
     </span>
     <span class='ocr_line' id='line_1_12' title="bbox 235 1359 1274 1448; baseline -0.008 -14"><span class='ocrx_word' id='word_1_92' title='bbox 235 1367 495 1448; x_wconf 67' lang='lat' dir='ltr'>aodro‘luquaroe.</span> <span class='ocrx_word' id='word_1_93' title='bbox 513 1360 599 1425; x_wconf 80' lang='lat' dir='ltr'>Xon.</span> <span class='ocrx_word' id='word_1_94' title='bbox 617 1359 742 1448; x_wconf 85' lang='lat' dir='ltr'>Cyrop.</span> <span class='ocrx_word' id='word_1_95' title='bbox 760 1365 796 1438; x_wconf 87' lang='lat'>6,</span> <span class='ocrx_word' id='word_1_96' title='bbox 818 1365 855 1434; x_wconf 80' lang='grc'>8,</span> <span class='ocrx_word' id='word_1_97' title='bbox 882 1365 932 1423; x_wconf 94' lang='grc'>11.</span> <span class='ocrx_word' id='word_1_98' title='bbox 955 1359 1274 1448; x_wconf 86' lang='lat' dir='ltr'>Demosth.Olynth.</span> 
     </span>
     <span class='ocr_line' id='line_1_13' title="bbox 235 1437 1274 1542; baseline -0.006 -26"><span class='ocrx_word' id='word_1_99' title='bbox 235 1463 267 1522; x_wconf 78' lang='grc'>2.</span> <span class='ocrx_word' id='word_1_100' title='bbox 283 1451 380 1542; x_wconf 72' lang='lat' dir='ltr'>put).</span> <span class='ocrx_word' id='word_1_101' title='bbox 399 1447 559 1530; x_wconf 69' lang='grc' dir='ltr'><em>μέμνησθε,</em></span> <span class='ocrx_word' id='word_1_102' title='bbox 581 1437 607 1509; x_wconf 77' lang='lat' dir='ltr'>oi</span> <span class='ocrx_word' id='word_1_103' title='bbox 621 1443 727 1529; x_wconf 70' lang='lat' dir='ltr'>daborc</span> <span class='ocrx_word' id='word_1_104' title='bbox 739 1447 915 1526; x_wconf 81' lang='grc' dir='ltr'><em>Ἀθηναῖοι,</em></span> <span class='ocrx_word' id='word_1_105' title='bbox 933 1439 975 1510; x_wconf 74' lang='lat' dir='ltr'>i&#39;r&#39;</span> <span class='ocrx_word' id='word_1_106' title='bbox 990 1439 1163 1530; x_wconf 65' lang='grc' dir='ltr'><em>ἀπηγγέλθη</em></span> <span class='ocrx_word' id='word_1_107' title='bbox 1175 1451 1274 1511; x_wconf 67' lang='lat' dir='ltr'>dluc-</span> 
     </span>
     <span class='ocr_line' id='line_1_14' title="bbox 235 1529 1274 1619; baseline -0.005 -17"><span class='ocrx_word' id='word_1_108' title='bbox 235 1565 292 1614; x_wconf 78' lang='grc' dir='ltr'>πος</span> <span class='ocrx_word' id='word_1_109' title='bbox 311 1534 385 1619; x_wconf 69' lang='grc' dir='ltr'>ὑμῖν</span> <span class='ocrx_word' id='word_1_110' title='bbox 408 1535 441 1599; x_wconf 80' lang='grc' dir='ltr'>ἐν</span> <span class='ocrx_word' id='word_1_111' title='bbox 469 1529 573 1616; x_wconf 79' lang='grc' dir='ltr'><em>Θρᾶκη</em></span> <span class='ocrx_word' id='word_1_112' title='bbox 598 1533 698 1614; x_wconf 80' lang='lat' dir='ltr'>eqlaov</span> <span class='ocrx_word' id='word_1_113' title='bbox 727 1529 748 1612; x_wconf 80' lang='grc' dir='ltr'><em>ἢ</em></span> <span class='ocrx_word' id='word_1_114' title='bbox 779 1532 918 1612; x_wconf 79' lang='grc' dir='ltr'><strong><em>τέταρτον</em></strong></span> <span class='ocrx_word' id='word_1_115' title='bbox 949 1531 1014 1606; x_wconf 77' lang='grc' dir='ltr'><strong><em>ἔτος</em></strong></span> <span class='ocrx_word' id='word_1_116' title='bbox 1041 1532 1132 1594; x_wconf 84' lang='grc' dir='ltr'><strong>τοντ1.</strong></span> <span class='ocrx_word' id='word_1_117' title='bbox 1185 1532 1274 1612; x_wconf 90' lang='lat' dir='ltr'>Quae</span> 
     </span>
    </p>

    <p class='ocr_par' dir='ltr' id='par_1_6' title="bbox 134 1615 1276 1966">
     <span class='ocr_line' id='line_1_15' title="bbox 172 1615 1275 1704; baseline -0.014 -8"><span class='ocrx_word' id='word_1_118' title='bbox 172 1681 178 1695; x_wconf 78' lang='grc'><em>,</em></span> <span class='ocrx_word' id='word_1_119' title='bbox 236 1624 348 1694; x_wconf 87' lang='lat' dir='ltr'>omnia</span> <span class='ocrx_word' id='word_1_120' title='bbox 363 1623 398 1686; x_wconf 92' lang='lat' dir='ltr'>in</span> <span class='ocrx_word' id='word_1_121' title='bbox 415 1641 455 1684; x_wconf 91' lang='lat' dir='ltr'>eo</span> <span class='ocrx_word' id='word_1_122' title='bbox 476 1617 693 1696; x_wconf 87' lang='lat' dir='ltr'>conveniunt,</span> <span class='ocrx_word' id='word_1_123' title='bbox 713 1618 805 1702; x_wconf 91' lang='lat' dir='ltr'>quod</span> <span class='ocrx_word' id='word_1_124' title='bbox 821 1615 1016 1680; x_wconf 86' lang='lat' dir='ltr'>antecedens</span> <span class='ocrx_word' id='word_1_125' title='bbox 1031 1626 1162 1704; x_wconf 86' lang='lat' dir='ltr'>tempus</span> <span class='ocrx_word' id='word_1_126' title='bbox 1182 1641 1275 1682; x_wconf 86' lang='lat' dir='ltr'>aceu-</span> 
     </span>
     <span class='ocr_line' id='line_1_16' title="bbox 134 1702 1274 1788; baseline -0.01 -10"><span class='ocrx_word' id='word_1_127' title='bbox 134 1765 139 1775; x_wconf 92' lang='lat'><em>.</em></span> <span class='ocrx_word' id='word_1_128' title='bbox 234 1711 339 1776; x_wconf 85' lang='lat' dir='ltr'>¹sativo</span> <span class='ocrx_word' id='word_1_129' title='bbox 355 1706 541 1788; x_wconf 84' lang='lat' dir='ltr'>designatur</span> <span class='ocrx_word' id='word_1_130' title='bbox 557 1710 754 1788; x_wconf 87' lang='lat' dir='ltr'>propterea,</span> <span class='ocrx_word' id='word_1_131' title='bbox 787 1702 861 1788; x_wconf 90' lang='lat' dir='ltr'>quia</span> <span class='ocrx_word' id='word_1_132' title='bbox 882 1711 1015 1765; x_wconf 89' lang='lat' dir='ltr'>eventus</span> <span class='ocrx_word' id='word_1_133' title='bbox 1030 1703 1079 1766; x_wconf 87' lang='lat' dir='ltr'>rei</span> <span class='ocrx_word' id='word_1_134' title='bbox 1101 1702 1274 1788; x_wconf 86' lang='lat' dir='ltr'>aliquando</span> 
     </span>
     <span class='ocr_line' id='line_1_17' title="bbox 233 1785 1276 1878; baseline -0.008 -16"><span class='ocrx_word' id='word_1_135' title='bbox 233 1797 338 1863; x_wconf 89' lang='lat' dir='ltr'>factae</span> <span class='ocrx_word' id='word_1_136' title='bbox 354 1813 415 1878; x_wconf 87' lang='lat' dir='ltr'>per</span> <span class='ocrx_word' id='word_1_137' title='bbox 428 1787 664 1874; x_wconf 88' lang='lat' dir='ltr'>interpositum</span> <span class='ocrx_word' id='word_1_138' title='bbox 678 1800 810 1876; x_wconf 88' lang='lat' dir='ltr'>tempus</span> <span class='ocrx_word' id='word_1_139' title='bbox 828 1785 928 1853; x_wconf 82' lang='lat' dir='ltr'>valuit</span> <span class='ocrx_word' id='word_1_140' title='bbox 937 1785 1118 1874; x_wconf 57' lang='lat' dir='ltr'>,illiusque</span> <span class='ocrx_word' id='word_1_141' title='bbox 1135 1789 1276 1876; x_wconf 85' lang='lat' dir='ltr'>spatium</span> 
     </span>
     <span class='ocr_line' id='line_1_18' title="bbox 233 1873 1014 1966; baseline -0.019 -20"><span class='ocrx_word' id='word_1_142' title='bbox 233 1877 437 1966; x_wconf 78' lang='lat' dir='ltr'>conspicitur</span> <span class='ocrx_word' id='word_1_143' title='bbox 454 1873 663 1936; x_wconf 84' lang='lat' dir='ltr'>continuum.</span> <span class='ocrx_word' id='word_1_144' title='bbox 1012 1899 1014 1906; x_wconf 38' lang='lat' dir='ltr'>v</span> 
     </span>
    </p>
   </div>
   <div class='ocr_carea' id='block_1_6' title="bbox 182 1988 1276 2150">
    <p class='ocr_par' dir='ltr' id='par_1_7' title="bbox 182 1988 1276 2150">
     <span class='ocr_line' id='line_1_19' title="bbox 182 1988 1274 2062; baseline 0.001 -14"><span class='ocrx_word' id='word_1_145' title='bbox 182 2041 187 2048; x_wconf 91' lang='lat'>.</span> <span class='ocrx_word' id='word_1_146' title='bbox 300 2041 303 2044; x_wconf 91' lang='lat'>.</span> <span class='ocrx_word' id='word_1_147' title='bbox 334 1995 398 2048; x_wconf 85' lang='lat' dir='ltr'>Plio.</span> <span class='ocrx_word' id='word_1_148' title='bbox 415 1991 484 2046; x_wconf 86' lang='lat' dir='ltr'>Hist.</span> <span class='ocrx_word' id='word_1_149' title='bbox 502 2009 528 2043; x_wconf 87' lang='lat' dir='ltr'>n.</span> <span class='ocrx_word' id='word_1_150' title='bbox 549 1988 666 2055; x_wconf 85' lang='lat'>15,18‚</span> <span class='ocrx_word' id='word_1_151' title='bbox 683 1990 823 2062; x_wconf 66' lang='lat' dir='ltr'>ffl-atqua&#39;</span> <span class='ocrx_word' id='word_1_152' title='bbox 848 1994 959 2046; x_wconf 79' lang='lat' dir='ltr'>tertium</span> <span class='ocrx_word' id='word_1_153' title='bbox 983 2002 1050 2049; x_wconf 82' lang='lat' dir='ltr'>aute</span> <span class='ocrx_word' id='word_1_154' title='bbox 1075 1989 1151 2047; x_wconf 80' lang='lat' dir='ltr'>diem</span> <span class='ocrx_word' id='word_1_155' title='bbox 1177 1997 1274 2050; x_wconf 83' lang='lat' dir='ltr'>scitote</span> 
     </span>
     <span class='ocr_line' id='line_1_20' title="bbox 300 2069 1276 2150; baseline 0.001 -16"><span class='ocrx_word' id='word_1_156' title='bbox 300 2069 459 2150; x_wconf 71' lang='lat' dir='ltr'>decerptam</span> <span class='ocrx_word' id='word_1_157' title='bbox 492 2076 669 2148; x_wconf 80' lang='lat' dir='ltr'>Cartbagine.</span> <span class='ocrx_word' id='word_1_158' title='bbox 696 2074 803 2128; x_wconf 89' lang='lat' dir='ltr'>dubium</span> <span class='ocrx_word' id='word_1_159' title='bbox 829 2086 885 2139; x_wconf 88' lang='lat' dir='ltr'>est,</span> <span class='ocrx_word' id='word_1_160' title='bbox 917 2088 1005 2130; x_wconf 87' lang='lat' dir='ltr'>utrum</span> <span class='ocrx_word' id='word_1_161' title='bbox 1029 2089 1115 2130; x_wconf 84' lang='lat' dir='ltr'>vertas</span> <span class='ocrx_word' id='word_1_162' title='bbox 1139 2097 1192 2132; x_wconf 85' lang='lat' dir='ltr'>vor</span> <span class='ocrx_word' id='word_1_163' title='bbox 1218 2080 1276 2135; x_wconf 81' lang='lat' dir='ltr'>drer&#39;</span> 
     </span>
    </p>
   </div>
   <div class='ocr_carea' id='block_1_7' title="bbox 215 2153 1355 2238">
    <p class='ocr_par' dir='ltr' id='par_1_8' title="bbox 215 2153 1355 2238">
     <span class='ocr_line' id='line_1_21' title="bbox 215 2153 1355 2238; baseline 0.002 -20"><span class='ocrx_word' id='word_1_164' title='bbox 215 2153 220 2161; x_wconf 33' lang='lat'>⁸</span> <span class='ocrx_word' id='word_1_165' title='bbox 307 2167 422 2238; x_wconf 80' lang='lat' dir='ltr'>Tagen,</span> <span class='ocrx_word' id='word_1_166' title='bbox 440 2181 474 2214; x_wconf 86' lang='lat' dir='ltr'>an</span> <span class='ocrx_word' id='word_1_167' title='bbox 493 2160 552 2216; x_wconf 83' lang='lat' dir='ltr'>drei</span> <span class='ocrx_word' id='word_1_168' title='bbox 579 2158 786 2238; x_wconf 58' lang='lat' dir='ltr'>Tagquorber.</span> <span class='ocrx_word' id='word_1_169' title='bbox 821 2165 928 2216; x_wconf 87' lang='lat' dir='ltr'>Sueten.</span> <span class='ocrx_word' id='word_1_170' title='bbox 951 2159 1042 2216; x_wconf 76' lang='lat' dir='ltr'>Tiber.</span> <span class='ocrx_word' id='word_1_171' title='bbox 1059 2162 1101 2214; x_wconf 88' lang='grc'>61.</span> <span class='ocrx_word' id='word_1_172' title='bbox 1119 2168 1275 2237; x_wconf 82' lang='lat' dir='ltr'>scriptaque</span> <span class='ocrx_word' id='word_1_173' title='bbox 1354 2175 1355 2220; x_wconf 80' lang='lat' dir='ltr'>J</span> 
     </span>
    </p>
   </div>
   <div class='ocr_carea' id='block_1_8' title="bbox 238 2243 1277 3016">
    <p class='ocr_par' dir='ltr' id='par_1_9' title="bbox 249 2243 1276 2660">
     <span class='ocr_line' id='line_1_22' title="bbox 249 2243 1276 2320; baseline 0.001 -17"><span class='ocrx_word' id='word_1_174' title='bbox 249 2305 252 2316; x_wconf 73' lang='grc'><strong>,</strong></span> <span class='ocrx_word' id='word_1_175' title='bbox 300 2250 426 2312; x_wconf 78' lang='lat' dir='ltr'>abolita,</span> <span class='ocrx_word' id='word_1_176' title='bbox 452 2248 578 2320; x_wconf 82' lang='lat' dir='ltr'>quamvis</span> <span class='ocrx_word' id='word_1_177' title='bbox 596 2243 790 2317; x_wconf 65' lang='lat' dir='ltr'>probarentur,</span> <span class='ocrx_word' id='word_1_178' title='bbox 804 2258 871 2301; x_wconf 82' lang='lat' dir='ltr'>ante</span> <span class='ocrx_word' id='word_1_179' title='bbox 888 2245 998 2320; x_wconf 77' lang='lat' dir='ltr'>aliquot</span> <span class='ocrx_word' id='word_1_180' title='bbox 1014 2266 1102 2302; x_wconf 81' lang='lat' dir='ltr'>anuos</span> <span class='ocrx_word' id='word_1_181' title='bbox 1119 2253 1205 2304; x_wconf 87' lang='lat' dir='ltr'>etiam</span> <span class='ocrx_word' id='word_1_182' title='bbox 1222 2249 1276 2304; x_wconf 74' lang='lat' dir='ltr'>Aa·</span> 
     </span>
     <span class='ocr_line' id='line_1_23' title="bbox 299 2331 1275 2408; baseline -0.001 -21"><span class='ocrx_word' id='word_1_183' title='bbox 299 2346 383 2408; x_wconf 81' lang='lat' dir='ltr'>gusto</span> <span class='ocrx_word' id='word_1_184' title='bbox 411 2332 542 2386; x_wconf 81' lang='lat' dir='ltr'>audiente</span> <span class='ocrx_word' id='word_1_185' title='bbox 568 2335 695 2386; x_wconf 85' lang='lat' dir='ltr'>recitata.</span> <span class='ocrx_word' id='word_1_186' title='bbox 724 2341 754 2382; x_wconf 88' lang='lat' dir='ltr'>nt</span> <span class='ocrx_word' id='word_1_187' title='bbox 778 2348 847 2384; x_wconf 86' lang='lat' dir='ltr'>nunc</span> <span class='ocrx_word' id='word_1_188' title='bbox 869 2333 979 2400; x_wconf 84' lang='lat' dir='ltr'>legitur:</span> <span class='ocrx_word' id='word_1_189' title='bbox 999 2333 1046 2386; x_wconf 88' lang='lat' dir='ltr'>sed</span> <span class='ocrx_word' id='word_1_190' title='bbox 1063 2331 1108 2384; x_wconf 90' lang='lat' dir='ltr'>alii</span> <span class='ocrx_word' id='word_1_191' title='bbox 1128 2334 1232 2386; x_wconf 88' lang='lat' dir='ltr'>codices</span> <span class='ocrx_word' id='word_1_192' title='bbox 1249 2345 1275 2386; x_wconf 88' lang='lat' dir='ltr'>et</span> 
     </span>
     <span class='ocr_line' id='line_1_24' title="bbox 298 2411 1276 2489; baseline 0.001 -20"><span class='ocrx_word' id='word_1_193' title='bbox 298 2421 369 2469; x_wconf 87' lang='lat' dir='ltr'>inter</span> <span class='ocrx_word' id='word_1_194' title='bbox 392 2433 438 2466; x_wconf 88' lang='lat' dir='ltr'>eos</span> <span class='ocrx_word' id='word_1_195' title='bbox 465 2413 563 2466; x_wconf 87' lang='lat' dir='ltr'>Cuiacii</span> <span class='ocrx_word' id='word_1_196' title='bbox 594 2417 661 2468; x_wconf 88' lang='lat' dir='ltr'>liber</span> <span class='ocrx_word' id='word_1_197' title='bbox 684 2415 812 2482; x_wconf 82' lang='lat' dir='ltr'>praebent</span> <span class='ocrx_word' id='word_1_198' title='bbox 837 2415 948 2487; x_wconf 84' lang='lat' dir='ltr'>aliquot</span> <span class='ocrx_word' id='word_1_199' title='bbox 974 2429 1042 2472; x_wconf 86' lang='lat' dir='ltr'>aute</span> <span class='ocrx_word' id='word_1_200' title='bbox 1065 2436 1176 2472; x_wconf 75' lang='lat' dir='ltr'>annos.-</span> <span class='ocrx_word' id='word_1_201' title='bbox 1204 2411 1276 2489; x_wconf 58' lang='lat' dir='ltr'>&#39;quod</span> 
     </span>
     <span class='ocr_line' id='line_1_25' title="bbox 296 2491 1274 2574; baseline 0.001 -19"><span class='ocrx_word' id='word_1_202' title='bbox 296 2491 368 2555; x_wconf 82' lang='lat' dir='ltr'>idem</span> <span class='ocrx_word' id='word_1_203' title='bbox 387 2509 521 2567; x_wconf 80' lang='lat' dir='ltr'>astatque</span> <span class='ocrx_word' id='word_1_204' title='bbox 542 2497 653 2568; x_wconf 83' lang='lat' dir='ltr'>aliquot</span> <span class='ocrx_word' id='word_1_205' title='bbox 670 2509 736 2550; x_wconf 85' lang='lat' dir='ltr'>anta</span> <span class='ocrx_word' id='word_1_206' title='bbox 751 2503 843 2552; x_wconf 84' lang='lat' dir='ltr'>anuis.</span> <span class='ocrx_word' id='word_1_207' title='bbox 879 2502 958 2553; x_wconf 81' lang='lat' dir='ltr'>Jllud</span> <span class='ocrx_word' id='word_1_208' title='bbox 982 2514 1070 2554; x_wconf 84' lang='lat' dir='ltr'>tamen</span> <span class='ocrx_word' id='word_1_209' title='bbox 1095 2506 1204 2573; x_wconf 85' lang='lat' dir='ltr'>probari</span> <span class='ocrx_word' id='word_1_210' title='bbox 1225 2523 1274 2574; x_wconf 92' lang='lat' dir='ltr'>po-</span> 
     </span>
     <span class='ocr_line' id='line_1_26' title="bbox 298 2580 1275 2660; baseline 0.005 -22"><span class='ocrx_word' id='word_1_211' title='bbox 298 2597 359 2652; x_wconf 85' lang='lat' dir='ltr'>test,</span> <span class='ocrx_word' id='word_1_212' title='bbox 379 2585 402 2636; x_wconf 86' lang='lat' dir='ltr'>si</span> <span class='ocrx_word' id='word_1_213' title='bbox 420 2602 470 2636; x_wconf 89' lang='lat' dir='ltr'>una</span> <span class='ocrx_word' id='word_1_214' title='bbox 486 2583 595 2636; x_wconf 86' lang='lat' dir='ltr'>notione</span> <span class='ocrx_word' id='word_1_215' title='bbox 614 2580 863 2652; x_wconf 75' lang='lat' dir='ltr'>comprehendamus</span> <span class='ocrx_word' id='word_1_216' title='bbox 877 2587 957 2640; x_wconf 83' lang='lat' dir='ltr'>verba</span> <span class='ocrx_word' id='word_1_217' title='bbox 976 2599 1041 2642; x_wconf 83' lang='lat' dir='ltr'>ants</span> <span class='ocrx_word' id='word_1_218' title='bbox 1059 2587 1172 2660; x_wconf 86' lang='lat' dir='ltr'>aliquot</span> <span class='ocrx_word' id='word_1_219' title='bbox 1187 2608 1275 2644; x_wconf 83' lang='lat' dir='ltr'>annos</span> 
     </span>
    </p>

    <p class='ocr_par' dir='ltr' id='par_1_10' title="bbox 238 2674 421 2749">
     <span class='ocr_line' id='line_1_27' title="bbox 238 2674 421 2749; baseline -0.033 -20"><span class='ocrx_word' id='word_1_220' title='bbox 238 2743 241 2749; x_wconf 27' lang='grc' dir='ltr'><strong><em>Ι</em></strong></span> <span class='ocrx_word' id='word_1_221' title='bbox 297 2674 421 2729; x_wconf 71' lang='lat' dir='ltr'>raitata.</span> 
     </span>
    </p>

    <p class='ocr_par' dir='ltr' id='par_1_11' title="bbox 297 2767 1277 2931">
     <span class='ocr_line' id='line_1_28' title="bbox 334 2767 1277 2848; baseline 0.003 -22"><span class='ocrx_word' id='word_1_222' title='bbox 334 2776 389 2828; x_wconf 85' lang='lat' dir='ltr'>Cic.</span> <span class='ocrx_word' id='word_1_223' title='bbox 414 2773 493 2824; x_wconf 82' lang='lat' dir='ltr'>Acad.</span> <span class='ocrx_word' id='word_1_224' title='bbox 517 2771 551 2836; x_wconf 82' lang='lat'>2,</span> <span class='ocrx_word' id='word_1_225' title='bbox 577 2767 610 2836; x_wconf 85' lang='lat'>5,</span> <span class='ocrx_word' id='word_1_226' title='bbox 636 2769 678 2824; x_wconf 81' lang='lat'>13·</span> <span class='ocrx_word' id='word_1_227' title='bbox 704 2775 752 2844; x_wconf 80' lang='lat' dir='ltr'>qui</span> <span class='ocrx_word' id='word_1_228' title='bbox 777 2770 874 2845; x_wconf 67' lang='lat' dir='ltr'>legequ&#39;</span> <span class='ocrx_word' id='word_1_229' title='bbox 892 2777 1035 2844; x_wconf 81' lang='lat' dir='ltr'>agrariam</span> <span class='ocrx_word' id='word_1_230' title='bbox 1059 2773 1171 2848; x_wconf 76' lang='lat' dir='ltr'>aliquot</span> <span class='ocrx_word' id='word_1_231' title='bbox 1196 2780 1277 2832; x_wconf 81' lang='lat' dir='ltr'>anuis</span> 
     </span>
     <span class='ocr_line' id='line_1_29' title="bbox 297 2854 1277 2931; baseline -0.003 -16"><span class='ocrx_word' id='word_1_232' title='bbox 297 2872 364 2916; x_wconf 81' lang='lat' dir='ltr'>aute</span> <span class='ocrx_word' id='word_1_233' title='bbox 382 2857 531 2912; x_wconf 85' lang='lat' dir='ltr'>secundum</span> <span class='ocrx_word' id='word_1_234' title='bbox 550 2856 681 2910; x_wconf 77' lang='lat' dir='ltr'>Punicum</span> <span class='ocrx_word' id='word_1_235' title='bbox 698 2855 802 2911; x_wconf 80' lang='lat' dir='ltr'>ballum</span> <span class='ocrx_word' id='word_1_236' title='bbox 819 2854 945 2912; x_wconf 85' lang='lat' dir='ltr'>tribunus</span> <span class='ocrx_word' id='word_1_237' title='bbox 962 2859 1054 2931; x_wconf 81' lang='lat' dir='ltr'>plebis</span> <span class='ocrx_word' id='word_1_238' title='bbox 1069 2861 1174 2916; x_wconf 85' lang='lat' dir='ltr'>tulerit.</span> <span class='ocrx_word' id='word_1_239' title='bbox 1201 2862 1277 2925; x_wconf 88' lang='lat' dir='ltr'>Quod</span> 
     </span>
    </p>

    <p class='ocr_par' dir='ltr' id='par_1_12' title="bbox 240 2940 1277 3016">
     <span class='ocr_line' id='line_1_30' title="bbox 240 2940 1277 3016; baseline 0.001 -18"><span class='ocrx_word' id='word_1_240' title='bbox 240 3009 242 3012; x_wconf 21' lang='grc' dir='ltr'>Ι</span> <span class='ocrx_word' id='word_1_241' title='bbox 299 2957 401 3000; x_wconf 82' lang='lat' dir='ltr'>veteres</span> <span class='ocrx_word' id='word_1_242' title='bbox 419 2944 548 2996; x_wconf 80' lang='lat' dir='ltr'>editiones</span> <span class='ocrx_word' id='word_1_243' title='bbox 567 2941 665 2992; x_wconf 87' lang='lat' dir='ltr'>habent</span> <span class='ocrx_word' id='word_1_244' title='bbox 681 2940 792 3012; x_wconf 79' lang='lat' dir='ltr'>aliquot</span> <span class='ocrx_word' id='word_1_245' title='bbox 812 2961 901 2995; x_wconf 83' lang='lat' dir='ltr'>anuos</span> <span class='ocrx_word' id='word_1_246' title='bbox 925 2957 992 2999; x_wconf 86' lang='lat' dir='ltr'>aute</span> <span class='ocrx_word' id='word_1_247' title='bbox 1016 2964 1069 2998; x_wconf 89' lang='lat' dir='ltr'>non</span> <span class='ocrx_word' id='word_1_248' title='bbox 1091 2947 1277 3016; x_wconf 82' lang='lat' dir='ltr'>appellaverim</span> 
     </span>
    </p>
   </div>
   <div class='ocr_carea' id='block_1_9' title="bbox 217 3016 1354 3188">
    <p class='ocr_par' dir='ltr' id='par_1_13' title="bbox 217 3016 1354 3188">
     <span class='ocr_line' id='line_1_31' title="bbox 217 3016 1354 3106; baseline 0 -22"><span class='ocrx_word' id='word_1_249' title='bbox 217 3057 220 3062; x_wconf 92' lang='lat'><em>·</em></span> <span class='ocrx_word' id='word_1_250' title='bbox 299 3050 358 3084; x_wconf 85' lang='lat' dir='ltr'>eum</span> <span class='ocrx_word' id='word_1_251' title='bbox 377 3016 527 3081; x_wconf 84' lang='lat' dir='ltr'>¹Goerenzio</span> <span class='ocrx_word' id='word_1_252' title='bbox 552 3026 692 3088; x_wconf 83' lang='lat' dir='ltr'>vitiosum,</span> <span class='ocrx_word' id='word_1_253' title='bbox 729 3025 777 3076; x_wconf 89' lang='lat' dir='ltr'>sed</span> <span class='ocrx_word' id='word_1_254' title='bbox 814 3027 978 3095; x_wconf 80' lang='lat' dir='ltr'>ineleganter</span> <span class='ocrx_word' id='word_1_255' title='bbox 1013 3031 1120 3106; x_wconf 81' lang='lat' dir='ltr'>dictum.</span> <span class='ocrx_word' id='word_1_256' title='bbox 1164 3032 1220 3084; x_wconf 85' lang='lat' dir='ltr'>Cic.</span> <span class='ocrx_word' id='word_1_257' title='bbox 1246 3032 1277 3082; x_wconf 90' lang='lat' dir='ltr'>de</span> <span class='ocrx_word' id='word_1_258' title='bbox 1353 3077 1354 3084; x_wconf 71' lang='grc'><strong>,</strong></span> 
     </span>
     <span class='ocr_line' id='line_1_32' title="bbox 294 3110 1354 3188; baseline -0.002 -17"><span class='ocrx_word' id='word_1_259' title='bbox 294 3121 396 3170; x_wconf 80' lang='lat' dir='ltr'>Senect.</span> <span class='ocrx_word' id='word_1_260' title='bbox 424 3111 474 3176; x_wconf 80' lang='lat'>14,</span> <span class='ocrx_word' id='word_1_261' title='bbox 493 3110 535 3162; x_wconf 79' lang='lat'>50.</span> <span class='ocrx_word' id='word_1_262' title='bbox 568 3113 615 3181; x_wconf 83' lang='lat' dir='ltr'>qui</span> <span class='ocrx_word' id='word_1_263' title='bbox 644 3129 726 3180; x_wconf 86' lang='lat' dir='ltr'>quum</span> <span class='ocrx_word' id='word_1_264' title='bbox 745 3127 795 3164; x_wconf 75' lang='lat' dir='ltr'>sax</span> <span class='ocrx_word' id='word_1_265' title='bbox 812 3117 894 3167; x_wconf 83' lang='lat' dir='ltr'>aunis</span> <span class='ocrx_word' id='word_1_266' title='bbox 910 3124 991 3177; x_wconf 82' lang='lat' dir='ltr'>ants,</span> <span class='ocrx_word' id='word_1_267' title='bbox 1015 3132 1098 3186; x_wconf 78' lang='lat' dir='ltr'>quam</span> <span class='ocrx_word' id='word_1_268' title='bbox 1116 3135 1169 3188; x_wconf 83' lang='lat' dir='ltr'>ago</span> <span class='ocrx_word' id='word_1_269' title='bbox 1195 3129 1277 3170; x_wconf 84' lang='lat' dir='ltr'>uatus</span> <span class='ocrx_word' id='word_1_270' title='bbox 1353 3141 1354 3148; x_wconf 51' lang='lat'>¹</span> 
     </span>
    </p>
   </div>
   <div class='ocr_carea' id='block_1_10' title="bbox 202 3193 1276 3362">
    <p class='ocr_par' dir='ltr' id='par_1_14' title="bbox 202 3193 1276 3362">
     <span class='ocr_line' id='line_1_33' title="bbox 298 3193 1276 3270; baseline -0.001 -15"><span class='ocrx_word' id='word_1_271' title='bbox 298 3221 374 3262; x_wconf 86' lang='lat' dir='ltr'>sum,</span> <span class='ocrx_word' id='word_1_272' title='bbox 384 3193 507 3268; x_wconf 81' lang='lat' dir='ltr'>fabulas</span> <span class='ocrx_word' id='word_1_273' title='bbox 526 3193 673 3248; x_wconf 83' lang='lat' dir='ltr'>docuisset.</span> <span class='ocrx_word' id='word_1_274' title='bbox 697 3195 743 3246; x_wconf 81' lang='lat' dir='ltr'>alii</span> <span class='ocrx_word' id='word_1_275' title='bbox 769 3197 831 3266; x_wconf 82' lang='lat' dir='ltr'>libri</span> <span class='ocrx_word' id='word_1_276' title='bbox 858 3214 907 3250; x_wconf 76' lang='lat' dir='ltr'>sax</span> <span class='ocrx_word' id='word_1_277' title='bbox 931 3215 1040 3266; x_wconf 71' lang='lat' dir='ltr'>annos.-</span> <span class='ocrx_word' id='word_1_278' title='bbox 1070 3209 1209 3270; x_wconf 65' lang='lat' dir='ltr'>ramumque</span> <span class='ocrx_word' id='word_1_279' title='bbox 1225 3204 1276 3254; x_wconf 92' lang='lat' dir='ltr'>bo-</span> 
     </span>
     <span class='ocr_line' id='line_1_34' title="bbox 202 3281 869 3362; baseline -0.01 -26"><span class='ocrx_word' id='word_1_280' title='bbox 202 3281 205 3292; x_wconf 92' lang='grc'>’</span> <span class='ocrx_word' id='word_1_281' title='bbox 297 3303 359 3336; x_wconf 90' lang='lat' dir='ltr'>num</span> <span class='ocrx_word' id='word_1_282' title='bbox 379 3292 427 3334; x_wconf 83' lang='lat' dir='ltr'>est.</span> <span class='ocrx_word' id='word_1_283' title='bbox 754 3324 760 3330; x_wconf 92' lang='lat'><em>.</em></span> <span class='ocrx_word' id='word_1_284' title='bbox 856 3326 869 3362; x_wconf 48' lang='lat' dir='ltr'>q</span> 
     </span>
    </p>
   </div>
   <div class='ocr_carea' id='block_1_11' title="bbox 302 3363 1278 3466">
    <p class='ocr_par' dir='ltr' id='par_1_15' title="bbox 302 3363 1278 3466">
     <span class='ocr_line' id='line_1_35' title="bbox 302 3363 1278 3466; baseline 0.005 -18"><span class='ocrx_word' id='word_1_285' title='bbox 302 3373 344 3448; x_wconf 61' lang='grc'>’8.</span> <span class='ocrx_word' id='word_1_286' title='bbox 379 3381 600 3459; x_wconf 76' lang='lat' dir='ltr'>Aduerbium,</span> <span class='ocrx_word' id='word_1_287' title='bbox 621 3391 676 3446; x_wconf 88' lang='lat' dir='ltr'>aut</span> <span class='ocrx_word' id='word_1_288' title='bbox 693 3402 769 3444; x_wconf 90' lang='lat' dir='ltr'>cum</span> <span class='ocrx_word' id='word_1_289' title='bbox 787 3363 992 3466; x_wconf 70' lang='lat' dir='ltr'>conclamo,</span> <span class='ocrx_word' id='word_1_290' title='bbox 1016 3395 1071 3449; x_wconf 89' lang='lat' dir='ltr'>aut</span> <span class='ocrx_word' id='word_1_291' title='bbox 1087 3409 1165 3451; x_wconf 86' lang='lat' dir='ltr'>cum</span> <span class='ocrx_word' id='word_1_292' title='bbox 1181 3389 1278 3454; x_wconf 89' lang='lat' dir='ltr'>abla-</span> 
     </span>
    </p>
   </div>
   <div class='ocr_carea' id='block_1_12' title="bbox 229 3467 1353 3560">
    <p class='ocr_par' dir='ltr' id='par_1_16' title="bbox 229 3467 1353 3560">
     <span class='ocr_line' id='line_1_36' title="bbox 229 3467 1353 3560; baseline 0.009 -26"><span class='ocrx_word' id='word_1_293' title='bbox 229 3471 299 3536; x_wconf 76' lang='lat' dir='ltr'>tivo</span> <span class='ocrx_word' id='word_1_294' title='bbox 315 3469 558 3555; x_wconf 88' lang='lat' dir='ltr'>compositum,</span> <span class='ocrx_word' id='word_1_295' title='bbox 581 3489 712 3554; x_wconf 82' lang='lat' dir='ltr'>semper</span> <span class='ocrx_word' id='word_1_296' title='bbox 728 3467 857 3532; x_wconf 86' lang='lat' dir='ltr'>confert</span> <span class='ocrx_word' id='word_1_297' title='bbox 871 3492 942 3534; x_wconf 88' lang='lat' dir='ltr'>rem</span> <span class='ocrx_word' id='word_1_298' title='bbox 966 3471 1109 3557; x_wconf 85' lang='lat' dir='ltr'>aliquam</span> <span class='ocrx_word' id='word_1_299' title='bbox 1124 3485 1278 3560; x_wconf 87' lang='lat' dir='ltr'>praeter·</span> <span class='ocrx_word' id='word_1_300' title='bbox 1352 3537 1353 3544; x_wconf 72' lang='grc'><strong>,</strong></span> 
     </span>
    </p>
   </div>
   <div class='ocr_carea' id='block_1_13' title="bbox 189 3553 1278 3644">
    <p class='ocr_par' dir='ltr' id='par_1_17' title="bbox 189 3553 1278 3644">
     <span class='ocr_line' id='line_1_37' title="bbox 189 3553 1278 3644; baseline 0.003 -25"><span class='ocrx_word' id='word_1_301' title='bbox 189 3591 194 3596; x_wconf 95' lang='grc'><strong>-</strong></span> <span class='ocrx_word' id='word_1_302' title='bbox 229 3557 311 3620; x_wconf 89' lang='lat' dir='ltr'>itam</span> <span class='ocrx_word' id='word_1_303' title='bbox 336 3576 413 3620; x_wconf 87' lang='lat' dir='ltr'>eum</span> <span class='ocrx_word' id='word_1_304' title='bbox 429 3553 529 3617; x_wconf 88' lang='lat' dir='ltr'>altera</span> <span class='ocrx_word' id='word_1_305' title='bbox 551 3573 587 3615; x_wconf 90' lang='lat' dir='ltr'>re</span> <span class='ocrx_word' id='word_1_306' title='bbox 613 3553 807 3638; x_wconf 86' lang='lat' dir='ltr'>praeterita,</span> <span class='ocrx_word' id='word_1_307' title='bbox 838 3555 940 3643; x_wconf 89' lang='lat' dir='ltr'>elapsi</span> <span class='ocrx_word' id='word_1_308' title='bbox 962 3559 1124 3644; x_wconf 82' lang='lat' dir='ltr'>temporis</span> <span class='ocrx_word' id='word_1_309' title='bbox 1145 3561 1278 3624; x_wconf 87' lang='lat' dir='ltr'>ratione</span> 
     </span>
    </p>
   </div>
   <div class='ocr_carea' id='block_1_14' title="bbox 228 3635 1353 3729">
    <p class='ocr_par' dir='ltr' id='par_1_18' title="bbox 228 3635 1353 3729">
     <span class='ocr_line' id='line_1_38' title="bbox 228 3635 1353 3729; baseline 0.003 -25"><span class='ocrx_word' id='word_1_310' title='bbox 228 3641 441 3727; x_wconf 80' lang='lat' dir='ltr'>interposita,</span> <span class='ocrx_word' id='word_1_311' title='bbox 481 3657 588 3721; x_wconf 86' lang='lat' dir='ltr'>neque</span> <span class='ocrx_word' id='word_1_312' title='bbox 617 3635 762 3700; x_wconf 86' lang='lat' dir='ltr'>refertur</span> <span class='ocrx_word' id='word_1_313' title='bbox 790 3659 1026 3726; x_wconf 86' lang='lat' dir='ltr'>umquamres</span> <span class='ocrx_word' id='word_1_314' title='bbox 1050 3642 1276 3729; x_wconf 84' lang='lat' dir='ltr'>adpraesens</span> <span class='ocrx_word' id='word_1_315' title='bbox 1352 3657 1353 3664; x_wconf 76' lang='grc'>’</span> 
     </span>
    </p>
   </div>
   <div class='ocr_carea' id='block_1_15' title="bbox 173 3721 1277 4069">
    <p class='ocr_par' dir='ltr' id='par_1_19' title="bbox 228 3721 1277 3815">
     <span class='ocr_line' id='line_1_39' title="bbox 228 3721 1277 3815; baseline 0.005 -28"><span class='ocrx_word' id='word_1_316' title='bbox 228 3735 370 3811; x_wconf 80' lang='lat' dir='ltr'>tempus.</span> <span class='ocrx_word' id='word_1_317' title='bbox 420 3723 607 3788; x_wconf 82' lang='lat' dir='ltr'>Perizonius</span> <span class='ocrx_word' id='word_1_318' title='bbox 634 3721 675 3785; x_wconf 82' lang='lat' dir='ltr'>ad</span> <span class='ocrx_word' id='word_1_319' title='bbox 700 3723 824 3799; x_wconf 87' lang='lat' dir='ltr'>Sanctii</span> <span class='ocrx_word' id='word_1_320' title='bbox 845 3726 927 3790; x_wconf 86' lang='lat' dir='ltr'>Min.</span> <span class='ocrx_word' id='word_1_321' title='bbox 949 3725 990 3790; x_wconf 87' lang='lat' dir='ltr'>T.</span> <span class='ocrx_word' id='word_1_322' title='bbox 1007 3733 1039 3792; x_wconf 84' lang='grc'>2.</span> <span class='ocrx_word' id='word_1_323' title='bbox 1059 3752 1094 3815; x_wconf 86' lang='lat' dir='ltr'>p.</span> <span class='ocrx_word' id='word_1_324' title='bbox 1113 3734 1168 3794; x_wconf 82' lang='grc'>72.</span> <span class='ocrx_word' id='word_1_325' title='bbox 1190 3753 1277 3793; x_wconf 91' lang='lat' dir='ltr'>con-</span> 
     </span>
    </p>

    <p class='ocr_par' dir='ltr' id='par_1_20' title="bbox 227 3807 1277 3899">
     <span class='ocr_line' id='line_1_40' title="bbox 227 3807 1277 3899; baseline 0.004 -24"><span class='ocrx_word' id='word_1_326' title='bbox 227 3811 363 3896; x_wconf 79' lang='lat' dir='ltr'>iungere</span> <span class='ocrx_word' id='word_1_327' title='bbox 382 3831 443 3872; x_wconf 87' lang='lat' dir='ltr'>nos</span> <span class='ocrx_word' id='word_1_328' title='bbox 459 3809 550 3872; x_wconf 87' lang='lat' dir='ltr'>iubet</span> <span class='ocrx_word' id='word_1_329' title='bbox 565 3807 722 3872; x_wconf 85' lang='lat' dir='ltr'>ablativos</span> <span class='ocrx_word' id='word_1_330' title='bbox 749 3830 825 3872; x_wconf 87' lang='lat' dir='ltr'>oum</span> <span class='ocrx_word' id='word_1_331' title='bbox 847 3813 1114 3899; x_wconf 82' lang='lat' dir='ltr'>praepositione,</span> <span class='ocrx_word' id='word_1_332' title='bbox 1142 3815 1277 3878; x_wconf 87' lang='lat' dir='ltr'>Ruddi-</span> 
     </span>
    </p>

    <p class='ocr_par' dir='ltr' id='par_1_21' title="bbox 173 3889 1276 4069">
     <span class='ocr_line' id='line_1_41' title="bbox 173 3889 1276 3986; baseline 0.002 -26"><span class='ocrx_word' id='word_1_333' title='bbox 173 3911 174 3916; x_wconf 76' lang='grc'>’</span> <span class='ocrx_word' id='word_1_334' title='bbox 226 3916 367 3960; x_wconf 86' lang='lat' dir='ltr'>mannus</span> <span class='ocrx_word' id='word_1_335' title='bbox 393 3894 434 3958; x_wconf 90' lang='lat' dir='ltr'>T.</span> <span class='ocrx_word' id='word_1_336' title='bbox 453 3900 484 3958; x_wconf 86' lang='lat'>2.</span> <span class='ocrx_word' id='word_1_337' title='bbox 506 3916 542 3980; x_wconf 84' lang='lat' dir='ltr'>p.</span> <span class='ocrx_word' id='word_1_338' title='bbox 559 3889 633 3957; x_wconf 82' lang='grc'><strong>291.</strong></span> <span class='ocrx_word' id='word_1_339' title='bbox 663 3893 829 3958; x_wconf 86' lang='lat' dir='ltr'>substituit</span> <span class='ocrx_word' id='word_1_340' title='bbox 850 3897 899 3960; x_wconf 85' lang='lat' dir='ltr'>in.</span> <span class='ocrx_word' id='word_1_341' title='bbox 947 3897 1112 3962; x_wconf 88' lang='lat' dir='ltr'>Neutrum</span> <span class='ocrx_word' id='word_1_342' title='bbox 1135 3899 1276 3986; x_wconf 87' lang='lat' dir='ltr'>probari</span> 
     </span>
     <span class='ocr_line' id='line_1_42' title="bbox 227 3992 1238 4069; baseline 0.003 -24"><span class='ocrx_word' id='word_1_343' title='bbox 227 3992 350 4069; x_wconf 84' lang='lat' dir='ltr'>potest.</span> <span class='ocrx_word' id='word_1_344' title='bbox 1228 4004 1238 4026; x_wconf 70' lang='lat'><strong><em>³</em></strong></span> 
     </span>
    </p>
   </div>
   <div class='ocr_carea' id='block_1_16' title="bbox 252 4096 1276 4171">
    <p class='ocr_par' dir='ltr' id='par_1_22' title="bbox 252 4096 1276 4171">
     <span class='ocr_line' id='line_1_43' title="bbox 252 4096 1276 4171; baseline -0.002 -19"><span class='ocrx_word' id='word_1_345' title='bbox 252 4124 254 4128; x_wconf 95' lang='lat'>·</span> <span class='ocrx_word' id='word_1_346' title='bbox 327 4101 382 4153; x_wconf 82' lang='lat' dir='ltr'>Cic.</span> <span class='ocrx_word' id='word_1_347' title='bbox 405 4099 484 4153; x_wconf 83' lang='lat' dir='ltr'>Tusa.</span> <span class='ocrx_word' id='word_1_348' title='bbox 508 4096 542 4164; x_wconf 82' lang='lat'>5,</span> <span class='ocrx_word' id='word_1_349' title='bbox 567 4097 600 4162; x_wconf 84' lang='grc'>3,</span> <span class='ocrx_word' id='word_1_350' title='bbox 627 4097 652 4148; x_wconf 86' lang='grc'>7.</span> <span class='ocrx_word' id='word_1_351' title='bbox 679 4099 772 4170; x_wconf 82' lang='lat' dir='ltr'>itaque</span> <span class='ocrx_word' id='word_1_352' title='bbox 799 4108 826 4150; x_wconf 85' lang='lat' dir='ltr'>et</span> <span class='ocrx_word' id='word_1_353' title='bbox 846 4097 914 4152; x_wconf 83' lang='lat' dir='ltr'>illos</span> <span class='ocrx_word' id='word_1_354' title='bbox 931 4109 1057 4171; x_wconf 82' lang='lat' dir='ltr'>septem,</span> <span class='ocrx_word' id='word_1_355' title='bbox 1075 4127 1111 4143; x_wconf 90' lang='lat'><em>-</em></span> <span class='ocrx_word' id='word_1_356' title='bbox 1127 4113 1157 4156; x_wconf 86' lang='lat' dir='ltr'>at</span> <span class='ocrx_word' id='word_1_357' title='bbox 1174 4099 1276 4154; x_wconf 86' lang='lat' dir='ltr'>multis</span> 
     </span>
    </p>
   </div>
   <div class='ocr_carea' id='block_1_17' title="bbox 293 4182 1352 4260">
    <p class='ocr_par' dir='ltr' id='par_1_23' title="bbox 293 4182 1352 4260">
     <span class='ocr_line' id='line_1_44' title="bbox 293 4182 1352 4260; baseline 0 -23"><span class='ocrx_word' id='word_1_358' title='bbox 293 4197 358 4242; x_wconf 72' lang='lat' dir='ltr'>aare</span> <span class='ocrx_word' id='word_1_359' title='bbox 375 4183 495 4240; x_wconf 80' lang='lat' dir='ltr'>saeculis</span> <span class='ocrx_word' id='word_1_360' title='bbox 510 4185 680 4260; x_wconf 70' lang='lat' dir='ltr'>‚Lycurgum</span> <span class='ocrx_word' id='word_1_361' title='bbox 697 4207 734 4238; x_wconf 47' lang='grc' dir='ltr'>-ψ</span> <span class='ocrx_word' id='word_1_362' title='bbox 750 4187 904 4256; x_wconf 81' lang='lat' dir='ltr'>accepimus</span> <span class='ocrx_word' id='word_1_363' title='bbox 919 4182 1015 4254; x_wconf 78' lang='lat' dir='ltr'>faisse</span> <span class='ocrx_word' id='word_1_364' title='bbox 1034 4198 1062 4243; x_wconf 86' lang='lat' dir='ltr'>at</span> <span class='ocrx_word' id='word_1_365' title='bbox 1079 4183 1194 4243; x_wconf 78' lang='lat' dir='ltr'>habitos</span> <span class='ocrx_word' id='word_1_366' title='bbox 1211 4203 1275 4238; x_wconf 82' lang='lat' dir='ltr'>assa</span> <span class='ocrx_word' id='word_1_367' title='bbox 1351 4219 1352 4226; x_wconf 26' lang='grc' dir='ltr'><strong>κ</strong></span> 
     </span>
    </p>
   </div>
   <div class='ocr_carea' id='block_1_18' title="bbox 0 0 1384 4748">
    <p class='ocr_par' dir='ltr' id='par_1_24' title="bbox 0 0 1384 4748">
     <span class='ocr_line' id='line_1_45' title="bbox 0 0 1384 4748; baseline 0 0"><span class='ocrx_word' id='word_1_368' title='bbox 0 0 1384 4748; x_wconf 95' lang='lat' dir='ltr'> </span> 
     </span>
    </p>
   </div>
  </div>
 </body>
</html>
