2726 4746
386 345 400 366 «
467 329 630 413 unove.
674 331 740 397 ac.
1006 361 1009 374 ·
1059 331 1160 434 ιιι
1230 395 1232 399 .

147 507 206 545 non
224 479 352 563 alloquio
373 485 558 562 exercitioque
574 487 691 544 militem
705 485 840 557 firmare,
865 472 922 540 nen
937 473 1027 565 incre
1043 487 1125 562 vulg}
1169 515 1171 522 v

147 597 251 650 agerer>
276 576 325 628 secl
342 575 507 630 umbraculis
524 574 666 628 hortorum
688 571 819 638 abditare,
847 583 880 625 ut
897 575 1000 644 ignava
1018 581 1123 630 anima·

81 669 82 674 ’
148 663 205 726 lia,
228 660 327 734 quibus
345 665 370 716 si
387 660 476 724 cibum
498 677 650 733 suggeras,
676 663 767 716 iacent
788 669 970 732 torpentque,
992 663 1125 728 praeteri·
1179 691 1182 704 ·

148 760 196 809 ta,
218 743 488 818 instantia,futura
504 753 570 819 pari
589 746 730 802 obliuione
750 745 902 800 dimiserat.
933 747 1025 820 Atque
1043 745 1124 800 illum

78 883 84 891 .
149 839 178 890 in
202 851 312 907 nemore
333 834 448 888 Aricino
477 826 600 887 desidem
624 843 651 886 et
673 843 838 886 marcentem
862 831 988 902 proditio
1013 831 1125 887 Lucilii
1210 821 1212 827 ¹

148 920 235 973 Bassi
256 937 290 971 ac
309 915 433 989 defectio
457 908 559 974 'elassis
587 917 764 974 Rauennatis
787 916 915 986 perculit.
937 917 998 969 ic.
1016 916 1123 971 ancisa

147 1007 176 1059 in
204 1003 413 1074 Untlatigkeits
438 1005 495 1056 lere
512 1005 541 1057 id
556 1003 626 1073 qnod
644 1007 745 1076 itaque·
779 1001 809 1053 In
825 1013 938 1072 utroque
956 1003 1017 1056 loco
1036 1003 1124 1056 Schri-

147 1092 215 1144 taius
236 1089 404 1157 supplendum
422 1084 686 1158 censuitrorationem
709 1087 806 1140 addito
823 1103 883 1142 roc.
909 1099 983 1140 tanes
1017 1089 1124 1142 sueton.

147 1180 213 1231 Ner.
231 1174 258 1228 6.
281 1194 315 1226 ae
337 1173 433 1228 taedio
453 1173 566 1228 tnnclem
588 1185 730 1228 maternae
755 1178 904 1228 memoriae
926 1173 1071 1228 abiecit'
1055 1193 1125 1230 ue
1179 1179 1207 1192 '¹

148 1281 226 1332 quum
247 1259 415 1338 ιΙίιιιιιιιιιάἱιι1
424 1274 467 1312 tas
487 1261 655 1327 gestavisset.
681 1259 739 1312 unul
755 1275 786 1312 so
804 1270 868 1314 erst-
900 1261 985 1312 Tacit.
1009 1264 1076 1312 Anu.
1097 1260 1123 1322 1,

146 1345 190 1402 35.
211 1365 323 1400 saeuum
350 1343 380 1399 id
404 1343 527 1415 malique
550 1347 636 1397 satoris
660 1347 744 1398 etiam
760 1321 925 1414 furentilius
948 1345 1125 1400 arnamar

147 1435 271 1531 spatium
283 1425 365 1534 suit,
386 1448 439 1502 quo
464 1429 565 1486 Caesar
582 1429 618 1484 ab
636 1432 734 1485 amicis
758 1435 788 1486 in
812 1427 1021 1484 tabernaculum
1044 1447 1125 1498 rupe·

146 1532 231 1590 retur.
250 1518 269 1568 i.
286 1526 309 1568 'e
327 1533 405 1587 quum
422 1517 520 1568 milites
539 1517 646 1568 attoniti
665 1517 809 1568 adstarent.
843 1519 911 1567 Ano.
930 1515 979 1580 11,
998 1513 1042 1567 28.
1058 1529 1127 1576 ner-

49 1652 52 1661 .
146 1615 237 1668 ratur,
254 1601 326 1672 qno'd
342 1612 404 1670 post
420 1597 576 1654 Messalinae
594 1611 684 1670 turpes
700 1601 803 1671 nuptias
819 1597 975 1669 agitaverint
995 1600 1127 1664 homines,
1180 1627 1198 1645 -
1261 1584 1264 1592 .

149 1701 177 1742 et
202 1691 294 1760 quibus
320 1687 417 1742 caussis
441 1684 483 1740 illi
506 1687 621 1757 permoti
652 1687 685 1740 de
709 1705 739 1740 re
764 1686 908 1740 deferenda
935 1685 1122 1754 cogitaverint:
1220 1726 1224 1734 .

146 1787 203 1830 tum
222 1775 332 1827 dicitur.
362 1774 405 1827 Ac
429 1775 520 1843 primo
549 1771 688 1827 Callistus
706 1781 735 1827 et
755 1799 787 1814 -·
811 1767 1010 1826 Narcissus-
1032 1772 1126 1841 agita·

147 1855 220 1922 cire,
239 1879 305 1914 num
318 1855 509 1916 Messalinam
526 1856 636 1914 secretis
654 1861 738 1914 minis
736 1854 937 1951 depellerent
946 1854 1127 1912 amoreSilc'i·

145 1947 166 1998 i.
183 1965 215 2004 e..
225 1949 337 2018 itaque,
355 1931 418 2000 und
431 1963 473 2000 so
506 1947 564 1999 Lis.
579 1941 613 2012 8,
630 1943 681 2010 46,
700 1914 741 1998 7.
754 1962 838 2017 quum
864 1948 981 1999 instaret
1004 1952 1127 1996 assertor

147 2030 276 2103 puellae,
298 2042 329 2084 ct
346 2028 502 2086 vindicaret
525 2047 726 2106 sponsoresque
745 2031 841 2096 claret,
866 2039 951 2102 atque
976 2027 1044 2082 id
1033 2045 1127 2097 rpsum

145 2117 196 2189 agi
214 2117 315 2171 eliceret
335 2117 446 2184 lcilius,
472 2119 572 2175 sedulo
590 2130 699 2189 tempus
719 2123 823 2183 terens,
847 2113 913 2168 elam
930 2115 1124 2188 praeciperent
1163 2105 1167 2112 ¹

66 2212 73 2224 ¹
146 2203 200 2257 iter
216 2206 311 2258 nuntii
330 2205 407 2257 missi
425 2207 454 2258 in
470 2213 580 2257 castra.-
597 2219 695 2256 manus
714 2199 814 2256 tollere
827 2199 948 2272 undique
965 2197 1145 2263 multitude„

148 2287 223 2342 etse
241 2291 355 2361 quisque
373 2297 504 2357 paratam
521 2285 560 2342 acl
575 2287 769 2360 spondendum
789 2285 871 2342 Icilio
885 2267 1039 2340 ostendere.
1075 2287 1127 2340 Ae-

149 2393 203 2446 que
220 2372 269 2428 ille
287 2370 534 2442 lacrimabundus,
549 2383 660 2448 gratum
680 2381 737 2439 est,
755 2375 863 2446 inquit.-
879 2372 1000 2426 erastina
1017 2371 1063 2426 die
1081 2389 1127 2434 ve·

112 2510 115 2519 ,
148 2471 207 2510 stra
234 2474 321 2530 opera
345 2470 427 2512 utare
451 2475 619 2531 sponsorum
639 2480 711 2513 nunc
729 2462 800 2514 satis
825 2470 874 2514 est.
901 2457 919 2510 i.
937 2477 960 2510 e.
978 2473 1056 2526 quum
1074 2456 1146 2508 hcc.
1196 2445 1201 2455 ”

148 2545 272 2609 vidisset,
292 2545 529 2598 lacrimabundns'
521 2545 616 2617 ιιιιιιιίι.
636 2545 687 2611 27,
705 2545 757 2611 21,
774 2543 801 2602 6.
826 2549 994 2617 principiam
1011 2547 1069 2598 eius
1086 2544 1139 2596 reis

151 2629 188 2684 ab
205 2631 343 2685 Arretinis
353 2627 444 2703 fieri,
479 2631 508 2686 C.
533 2629 701 2702 Calpurnius
719 2633 878 2702 scripserat.
915 2633 1014 2703 ltaque
1031 2623 1127 2698 confe-

149 2721 217 2788 stim
244 2731 276 2768 eo
305 2718 406 2769 missus
432 2716 600 2772 Marcellus.
654 2715 763 2789 Codices
801 2716 894 2786 optimi
925 2727 1009 2785 atque
1033 2708 1127 2782 conje-

147 2807 232 2865 stim,
262 2799 333 2869 qnod
356 2811 457 2852 tantum
483 2800 571 2866 abest,
603 2811 633 2852 ut
658 2819 717 2853 cum
741 2803 848 2854 Dukero
879 2817 928 2870 pro
960 2799 1128 2852 librariorum

149 2888 266 2940 ludibrio
293 2887 450 2952 habeamus,
474 2897 512 2938 ot
539 2887 567 2938 in
587 2889 688 2940 textam
715 2885 905 2939 restituendum
936 2885 1036 2954 optimo
1069 2885 1127 2936 iura

149 2977 317 3038 censeamus,
350 2990 404 3025 ιιοιι
431 2973 610 3080 intelligentes
634 2971 851 3042 significationem
885 2971 1062 3034 celeritatis,
1079 2967 1126 3022 sed

148 3075 263 3110 caussae.
588 3063 592 3078 “

76 3175 144 3244 Hic
177 3197 257 3240 vero
293 3174 445 3240 caussalis
481 3199 585 3242 nexus
619 3175 794 3265 proximus
826 3197 922 3265 saepe
959 3170 1127 3271 conspici-

76 3275 138 3327 tur
154 3261 188 3324 in
203 3263 279 3360 ipsa
290 3261 557 3341 ratiocinatione,
584 3285 688 3351 quum
704 3285 765 3362 per
780 3279 902 3340 ATQVE
926 3283 962 3326 ea
988 3259 1128 3325 eonion

78 3357 222 3446 guntur,
246 3353 328 3434 quae
354 3347 528 3414 cohaerere
547 3371 586 3414 ex
604 3349 815 3414 conclusione
836 3346 978 3436 quadam
1001 3345 1124 3412 intelli-

42 3491 47 3504 ,
77 3434 178 3522 gitur.
221 3433 290 3498 Est
298 3433 334 3496 id
351 3433 475 3521 quod
460 3436 644 3524 agiturque.

185 3569 272 3622 tacit.
289 3573 356 3622 Ann.
377 3569 410 3636 3,
430 3569 472 3624 54.
499 3581 547 3638 at,
576 3569 700 3637 hercule,
717 3587 796 3628 nemo
813 3565 917 3644 refert,
938 3566 1015 3644 quod
1041 3567 1129 3624 ltalia

152 3666 282 3712 externae
306 3659 369 3725 opis
404 3657 529 3728 indiget,
561 3655 637 3731 quod
660 3663 721 3714 uita
750 3658 852 3730 populi
877 3656 986 3712 romani
1010 3675 1061 3726 per
1086 3660 1132 3710 inc

155 3742 334 3796 certanrcris
359 3750 388 3793 et
411 3749 606 3812 tempestatum
626 3739 751 3814 quotidie
767 3744 899 3799 uoluitur.
935 3743 979 3796 Aa
994 3746 1049 3798 nisi
1063 3761 1128 3811 pro·

152 3827 307 3879 vincianam
328 3827 427 3896 copiae
453 3835 482 3880 et
507 3826 629 3882 dominis
650 3839 681 3884 et
709 3834 832 3886 servitiis
856 3840 884 3882 et
907 3830 985 3899 agris
1002 3813 1127 3882 subueni-

150 3919 228 3973 rent,
256 3920 353 3964 nostra
377 3927 428 3962 nos
452 3909 559 3966 scilicet
580 3931 693 3967 nemora
719 3924 882 3985 nostraeque
906 3911 994 3968 villae
1012 3911 1127 3966 tuebun-

152 3994 219 4046 tur?
234 3994 309 4046 Orid.
325 3998 388 4048 Her.
408 3995 459 4061 at,
475 3994 536 4050 235.
555 4000 719 4058 scribendum
738 4011 795 4056 est:
822 3997 875 4054 lnrc
890 3997 958 4053 deus
982 4009 1010 4053 et
1035 4008 1127 4064 cates,

149 4075 201 4152 laos
218 4089 247 4134 et
262 4097 323 4133 mea
346 4071 468 4136 aurneina
489 4081 603 4138 dicunts
630 4103 664 4140 ac
681 4084 782 4139 desunt
804 4094 873 4138 voto
900 4084 1021 4138 aurneina
1045 4067 1132 4148 nullu*

153 4174 212 4220 tue.
228 4164 246 4216 i.
264 4183 288 4218 e.
308 4167 379 4236 quod
396 4163 544 4242 Ιιιιιιιὸιιὶιι
561 4171 710 4237 desiderat,
730 4182 759 4228 et
776 4170 883 4242 igiturr
903 4170 981 4238 vulgo
998 4180 1038 4226 at.

654 4430 664 4458 Ι
720 4405 724 4410 .
