2764 4746
792 200 805 252 ἕ

108 299 112 302 -
204 267 271 338 tte
567 310 572 323 ·
690 257 766 334 Atta

206 395 344 506 stinguit
361 415 574 504 antiquorum
590 413 793 502 scriptorum
809 430 908 480 mom
923 434 942 478 a
957 411 1153 488 recentiori,
1184 433 1255 500 quo

208 506 321 570 nescio
342 525 391 571 art
411 503 598 590 negativam
623 497 898 589 significationem
921 499 1105 586 occupavit.
1135 498 1258 572 Rarus·
1287 575 1289 578 Ι

208 583 347 660 hornius
362 589 512 652 Gremm.
529 610 565 674 p.
584 589 659 654 498.
684 583 914 650 affirmationis
940 595 971 650 et
986 583 1169 670 negationis
1187 585 1258 648 vim

209 674 335 762 quaerit
348 673 385 737 in
403 683 536 740 accentu
556 671 608 738 vel
625 673 660 736 in
673 682 750 736 voc.
767 669 880 734 nereio
895 669 947 736 vel
963 671 998 756 in
1024 669 1146 750 verbo,
1160 669 1257 755 quod

209 769 291 859 post
306 781 354 825 an
369 757 486 824 locum
505 757 642 838 obtinet,
662 755 835 847 ponendo,
858 777 1059 854 quamquam
1074 755 1260 820 esseverbe

64 891 70 914 t
108 910 113 916 .
210 861 406 946 quiequam,
426 865 522 924 sorec
534 865 693 941 poscam,
709 861 792 930 quae
808 852 956 940 accentui
968 859 1126 928 pamma
1152 849 1185 904 ta
1201 863 1260 904 re-

211 939 345 1018 quirant
359 928 495 996 alteram
510 935 738 1018 negationem·
781 927 875 994 Hane
900 927 1095 1014 opinionem
1134 923 1262 991 efendit

167 1039 169 1044 ·
209 1015 245 1084 tc
261 1013 476 1104 Ephemerid.
491 1013 620 1082 lenens.
638 1036 667 1080 a.
691 1015 785 1080 1826.
807 1035 842 1078 n.
862 1016 933 1080 176.
961 1013 1148 1098 miramque
1169 1009 1262 1076 addit

212 1100 459 1168 distinctionem
476 1121 570 1166 verae
586 1097 803 1165 simulationis
820 1097 1023 1182 etwironioae
1044 1105 1078 1162 et
1096 1118 1167 1160 esse
1181 1118 1262 1172 sen-

210 1186 328 1254 tentias
352 1186 495 1254 nimium
518 1184 636 1266 serias,
672 1203 756 1271 quae
787 1193 937 1250 accentus
953 1181 1263 1270 ‘transpositionem

211 1293 281 1336 non
303 1269 506 1338 admittant'
529 1273 572 1338 At
595 1279 865 1358 quantocumque
883 1269 974 1334 vocis
1000 1268 1127 1354 impetu
1147 1267 1262 1332 inten-

180 1357 190 1372 “
212 1355 299 1420 deris
315 1355 432 1437 verba,
452 1359 640 1441 numquam'
651 1365 761 1418 tamen
785 1353 823 1417 iis
844 1353 1023 1424 inculcabis
1046 1353 1271 1438 negationem

212 1451 365 1520 accentu,
382 1442 473 1508 ciuus
490 1441 669 1531 recipiendi
688 1438 843 1506 facultate
863 1461 921 1504 cur
944 1448 1077 1504 careant
1093 1437 1263 1510 ‘vocabula

211 1527 391 1612 quaedam,
413 1526 502 1608 aliis,
524 1527 581 1625 qui
602 1524 764 1592 eiusmodi
783 1523 1019 1610 aenigmatibus
1045 1522 1264 1603 delectentur,

202 1600 473 1699 'investigandum
485 1613 648 1700 relinquo.
671 1611 800 1676 Noram
815 1609 1001 1676 doctrinam
1018 1605 1264 1696 aperuitMich.

211 1697 395 1763 Weberus:
418 1695 557 1783 duplicis
573 1697 699 1787 generis
723 1695 918 1782 caeteros,
952 1693 1052 1776 aliua,
1084 1692 1260 1780 inquibus

211 1781 351 1848 verbum
372 1782 572 1847 coniunctivi
596 1781 707 1860 modi,
739 1781 830 1869 quod
852 1780 1019 1878 sequitur,
1049 1799 1126 1844 cum
1151 1779 1264 1866 parti-

212 1865 284 1936 cula
303 1889 351 1932 aa
365 1887 435 1932 non
451 1866 644 1944 cohaereat,
661 1865 776 1948 alios,
804 1867 837 1930 in
855 1866 973 1952 quibus
1001 1863 1176 1951 cohaereat
1196 1874 1229 1928 et
1246 1887 1267 1928 a

212 1950 371 2042 particula
386 1961 536 2036 regatur:
568 1951 601 2016 in
624 1951 687 2018 illis
695 1952 863 2038 praecisis
890 1961 923 2016 et
944 1950 1102 2015 seiunctis
1122 1949 1265 2037 intelligi

214 2035 332 2104 debere
347 2037 461 2106 nescio
475 2060 522 2102 an
537 2061 606 2105 reon
620 2047 709 2104 recte
724 2037 890 2117 sentiam,
909 2057 983 2123 quor
994 2037 1084 2104 facto
1099 2035 1170 2122 ipsa
1183 2057 1265 2098 sen-

199 2123 316 2197 tentia
333 2122 554 2210 approbaturi
575 2123 608 2188 in
626 2122 677 2194 his
695 2122 830 2211 integris
854 2115 1038 2209 improbari
1059 2143 1142 2186 rem.
1193 2119 1265 2184 Mi-

206 2207 325 2287 rabilis
338 2209 433 2276 'istius
450 2209 602 2308 ellipaeos
622 2209 657 2275 in
673 2208 791 2288 verbis,
816 2229 899 2294 quae
915 2208 987 2294 ipse
1003 2205 1090 2285 fecit,
1107 2205 1263 2290 aceiae,

212 2293 425 2374 duodecime,
457 2305 621 2361 rationem
637 2293 789 2359 nondum
815 2293 957 2359 reddidit
971 2293 1022 2357 tir
1038 2291 1173 2368 doctus,
1200 2313 1266 2358 nec

213 2387 325 2442 tuanen
347 2402 512 2465 maguam¹
537 2381 818 2467 exspectationem
852 2379 919 2445 eius
944 2377 1129 2444 concitavit.
1179 2377 1266 2458 Nos,

216 2470 418 2548 quamquam
436 2463 516 2527 haec
548 2485 681 2552 quoque
698 2462 851 2530 lormula
881 2463 1010 2529 ratione
1033 2485 1051 2526 a
1076 2461 1174 2526 nobis
1196 2463 1267 2528 iam

130 2619 134 2631 p
215 2548 364 2634 exposita
383 2548 589 2628 continetur,
613 2570 720 2634 neque
739 2549 827 2624 aliud
846 2549 911 2613 nisi
925 2549 991 2614 vim
1008 2547 1268 2614 rhetoricam-in

210 2634 353 2698 ¹notione
367 2633 513 2698 inscitiae
527 2634 700 2731 propriam
723 2633 842 2715 habet,
864 2655 925 2700 nec
949 2633 1130 2722 quidquam
1152 2632 1269 2698 differt
1373 2675 1374 2680 κ

213 2717 396 2783 verborum
412 2719 617 2786 constructio
631 2740 665 2785 rn
683 2741 776 2784 verae
792 2729 824 2784 et
837 2719 1006 2786 simulatae
1021 2719 1169 2784 inscitiae
1179 2741 1269 2782 con·

212 2800 375 2890 sessione,
394 2804 438 2868 ob
456 2805 676 2892 multiplicem
693 2787 1180 2893 opinionum'discrdpantiam
1202 2816 1263 2872 to·

213 2897 283 2970 tem
298 2911 371 2956 rem
388 2889 557 2978 variasque
573 2913 651 2956 risus
666 2891 868 2958 conditiones
884 2885 1160 2980 percensebimus.

300 3039 329 3100 1.
351 3035 474 3099 ¹Verba
500 3033 632 3113 nescio,
657 3032 863 3110 terrascia,
901 3054 984 3184 puae
1002 3042 1135 3098 'certam
1164 3031 1267 3117 igno-

212 3119 351 3186 rationis
366 3116 757 3205 notionem-significent,
775 3133 888 3204 quum
924 3119 995 3200 ico,
1013 3141 1085 3191 mc,
1109 3119 1216 3204 qualis
1234 3129 1269 3182 et

216 3205 398 3289 auratique
415 3226 465 3268 res
484 3202 543 3276 sit,
560 3203 703 3284 nescire,
729 3225 768 3268 eo
792 3204 907 3284 etiam,
930 3213 997 3289 quo
1016 3203 1154 3268 verbum
1163 3201 1269 3268 darbi-

212 3298 267 3360 ιο,
287 3293 490 3372 usurparetur
505 3288 608 3376 ruodo
626 3289 661 3352 in
680 3289 799 3370 animi,
820 3289 1025 3374 qui‚>utrum
1042 3289 1107 3354 hoc
1124 3311 1167 3352 an
1182 3289 1270 3354 illud

216 3372 275 3460 εἰμ’
296 3372 471 3438 decernere
495 3395 564 3437 non
583 3375 680 3439 audet
690 3413 708 3455 ,=
727 3376 850 3440 incerta
876 3376 1047 3438 sententia.
1067 3375 1270 3439 ·'P0nuntur

217 3456 318 3542 igitur
334 3457 368 3522 in
385 3458 615 3533 disiunctione,
634 3470 667 3522 et
684 3459 832 3525 eamdem
851 3461 1108 3524 constructionis
1118 3458 1269 3524 formam

146 3605 149 3614 ,
177 3569 181 3576 ’
214 3542 392 3628 recipiunt,
416 3565 498 3631 quae
514 3544 783 3630 interrogationis
808 3565 925 3630 genera
947 3545 1130 3610 constituit.
1174 3545 1270 3610 Dici-

134 3666 137 3680 .
215 3634 270 3690 tur'
286 3627 523 3709 enim'neecio,
542 3627 673 3694 ¹¹deluto
699 3641 813 3694 utrum
827 3665 870 3680 -
885 3655 951 3712 an,
982 3631 1118 3705 nescio,
1149 3629 1270 3696 dubito

137 3761 139 3766 .
184 3733 396 3798 ¹rcc--rm,
427 3725 459 3779 et
486 3713 608 3778 omissa
631 3713 668 3778 in
692 3715 799 3802 priori
821 3716 975 3780 membro
1004 3715 1178 3802 particula.
1226 3715 1271 3782 In

214 3804 354 3883 utraque
376 3811 470 3886 parte
487 3799 647 3865 sententia
662 3811 799 3890 apparet
811 3818 912 3889 acque
930 3799 1040 3866 dubia.
1111 3887 1112 3890 Ἴ

315 3907 370 3975 Gic'.
389 3915 511 4004 da'orat.
526 3927 561 3993 2,
582 3915 631 3996 13⁴,
651 3925 695 3984 56.
721 3917 763 3986 ita
789 3917 871 4000 porro
893 3928 984 3986 verbis
998 3939 1085 4001 aptus
1100 3940 1272 4014 et'proasar,

261 4011 315 4086 ‚rit
329 4009 449 4078 arescius,
471 4025 562 4090 utram
582 4032 624 4071 res
643 4017 780 4080 oratioue,
798 4035 834 4068 cn
858 4013 942 4070 verba
959 4015 1104 4070 sententiis
1125 4013 1270 4068 illustren-

171 4169 172 4175 ἵ
198 4157 203 4162 ,
271 4104 336 4183 tar.
369 4089 643 4182 Ver.f1‚tt‚105.
662 4113 755 4158 utram
772 4100 946 4168 admonitus.
968 4091 1006 4156 aa
1025 4110 1161 4166 tentatas,
1179 4119 1217 4156 aa
1234 4125 1273 4142 -
