2662 4744
656 249 809 390 aravi.

280 463 335 530 do,
351 481 474 540 paceque
491 467 611 522 maxime
627 473 754 535 spectare
777 461 906 518 solemus.
929 463 948 514 i.
968 479 990 514 e.
1007 480 1067 517 nun
1088 469 1150 538 gat
1162 447 1177 526 ,⁴
1198 481 1281 517 wera

280 567 313 623 ω
330 545 457 624 gestillig
474 552 528 616 ist,
552 549 614 604 will
633 547 747 604 icimur
773 547 839 604 aber
856 545 926 601 aucit
947 545 1077 602 dartltrtu.
1113 549 1215 600 Etiam
1240 558 1279 601 at-

282 655 334 708 quc
351 635 404 691 diei
420 645 531 706 poteret.
566 625 658 690 Horat.
683 635 766 703 Epist.
786 635 818 699 1,
835 633 869 696 2,
889 631 932 686 3³.
951 634 1047 704 atqui,
1076 634 1104 686 si
1123 631 1218 685 noles
1237 650 1278 683 sa·

255 767 256 772 ,
279 741 341 796 pus,
360 713 449 788 curres
467 719 647 792 hydropicus.
664 719 731 771 bene
748 712 829 772 vdrtlt
845 719 953 773 Vossius
971 715 1048 769 woltl
1065 716 1159 781 deun,
1186 716 1280 771 willst

281 806 320 862 du
332 803 439 878 gesund
457 802 533 857 siclt
550 801 660 880 laafcui
704 877 709 884 .

250 969 255 978 ι
322 909 376 962 uia.
395 908 428 960 do
445 909 510 980 Lag.
530 908 562 972 1,
583 908 632 971 15,
651 903 693 962 43.
711 912 808 979 atqui,
833 910 858 962 si
876 916 978 960 natura
996 894 1217 974 coufirn'ratnra
1237 908 1278 958 ius

282 1011 340 1046 non
363 995 435 1056 crit,
458 995 575 1050 virtutes
603 1009 697 1046 carnes
716 991 859 1045 tollentur.
889 991 946 1043 ‘Sed
966 991 1045 1059 qaam
1063 989 1094 1040 ia
1111 989 1161 1040 his
1182 1001 1279 1059 pergat

220 1106 223 1110 ·
249 1083 255 1104 ‘
281 1095 335 1132 una
356 1077 565 1146 argumentatio,
601 1079 812 1146 cohaereantque
837 1075 973 1144 superiora
997 1079 1022 1135 ri
1046 1093 1140 1145 nequa
1169 1065 1279 1127 natare
1324 1101 1325 1144 ᾗ

278 1173 338 1229 e‘st,
355 1179 409 1216 uon
430 1161 602 1214 dubitabimus
620 1163 742 1215 assentiri
759 1160 923 1226 Goerenzio,
942 1159 987 1228 qui
1004 1161 1124 1212 correxit
1149 1170 1253 1232 atque.

101 1275 104 1289 ¹
207 1332 211 1340 ,
299 1270 350 1333 10.
380 1264 581 1332 Goerenzius
599 1265 638 1328 ad
656 1265 724 1333 Cic.
742 1263 782 1328 (le
797 1263 923 1343 Fine,
946 1242 1005 1342 si,
1028 1265 1082 1326 36.
1103 1269 1278 1347 „respon-

121 1361 124 1372 '
214 1347 287 1430 det,
308 1351 436 1436 iuquit,
463 1349 558 1436 atqui
576 1361 693 1418 nostro
709 1368 780 1414 nun
797 1347 897 1424 aber,
920 1356 952 1410 et
967 1345 1051 1410 solet
1065 1346 1276 1435 explicatio-

212 1451 292 1501 nem
307 1457 402 1524 saepe
416 1435 463 1502 sio
483 1435 678 1520 ingrediar
716 1436 841 1504 rimam
861 1432 1027 1497 subaudiri
1040 1433 1163 1519 possit.
1188 1431 1275 1496 inde

213 1516 253 1586 fit
275 1520 392 1600 etiam,
432 1531 470 1586 ut
496 1521 568 1588 aaut
597 1521 677 1588 dein
705 1544 722 1586 e
747 1520 910 1608 excipiat,
945 1517 1040 1606 quale
1070 1517 1275 1604 exemplum
1326 1529 1327 1550 l

213 1605 327 1702 paullo
345 1616 419 1672 aute
433 1603 535 1674 adfuit
554 1607 583 1692 §a
601 1609 653 1676 34.
671 1619 709 1672 ct
731 1607 768 1670 ui
778 1604 1000 1692 perspicuum
1015 1614 1066 1666 eat
1080 1631 1125 1652 -·
1141 1602 1274 1668 deitate

209 1689 254 1754 'td
275 1713 401 1779 quoque
426 1690 609 1758 videmus.“
650 1691 687 1757 ln
710 1629 761 1756 iis
788 1689 955 1777 triplicem
980 1688 1075 1752 video
1096 1709 1271 1753 errorem:

214 1797 294 1840 nam
319 1775 516 1843 vocabulum
530 1777 702 1862 prinlum,
724 1775 814 1866 quod
842 1796 940 1863 saepe
963 1773 1130 1838 omittitur
1151 1774 1270 1861 postea

118 1929 120 1938 ,
215 1871 372 1946 sequente
385 1860 488 1926 verbo
506 1860 649 1942 deiude,
673 1883 742 1926 non
764 1859 974 1940 cohaereret,
999 1860 1026 1922 si
1040 1857 1195 1957 positum'
1218 1883 1271 1922 es-

175 1959 177 1967 ’
214 1955 283 2028 set,
305 1967 382 2014 cum
399 1968 470 2011 voc.
488 1947 595 2036 atqui.
637 1946 727 2012 Tum
742 1945 838 2036 atqui
852 1967 922 2009 noa
944 1943 984 2012 ab
1008 1945 1102 2008 inltio
1121 1945 1271 2032 explica-

117 2071 120 2080 ι
214 2030 314 2114 tionis
331 2032 475 2120 ponitur
496 2032 598 2120 ipsius
623 2033 788 2120 ingressus
810 2053 938 2112 caussa,
971 2029 1062 2116 quod
1086 2030 1271 2116 proprium

216 2125 268 2192 est
282 2117 461 2214 particulae
478 2129 588 2207 atquc.
610 2119 674 2184 vid.
692 2141 727 2205 p.
744 2121 818 2184 497.
861 2115 1062 2202 Denique‘in
1075 2114 1152 2178 loco
1172 2117 1271 2179 Cice·
1329 2120 1330 2176 l

214 2223 310 2266 ronse
326 2225 396 2270 non
411 2204 494 2268 verti
508 2213 620 2303 potest
634 2226 706 2270 nun
721 2201 802 2268 uber
810 2251 820 2286 ‚
843 2223 947 2290 quum
963 2201 1120 2291 proxime
1136 2211 1271 2266 antece-

216 2282 298 2356 dens
321 2288 392 2367 iam
414 2312 490 2356 cero
512 2288 600 2369 idem
616 2287 793 2380 significet,
814 2309 921 2374 nequo
936 2286 1100 2374 expositio
1117 2289 1169 2352 rei
1186 2287 1271 2351 iuciss

241 2371 286 2437 iat
303 2375 443 2439 averbis
459 2377 555 2462 atqui
579 2377 616 2440 in
638 2373 790 2442 sensibus
813 2385 862 2439 eat
878 2395 943 2436 stro
968 2373 1126 2460 utriusque
1150 2373 1269 2438 virtus.

215 2507 218 2512 .
297 2469 443 2524 onuntur
472 2461 572 2524 verba
602 2473 652 2526 est
683 2462 844 2526 cirtus'et
870 2457 1049 2534 cuiusdam
1070 2458 1170 2522 modi
1199 2468 1269 2523 csse

215 2539 259 2606 tte
282 2554 324 2608 ct.
365 2542 468 2633 Igitur
485 2545 580 2610 ciui
598 2543 759 2634 siguificat
777 2544 939 2630 dagogeu
953 2541 1131 2610 wirkliele
1160 2543 1200 2608 Iu
1217 2543 1268 2608 al-

215 2623 391 2694 tero‘loco
417 2634 477 2705 12,
499 2568 553 2695 bi.
579 2642 636 2694 aut
656 2630 756 2694 verba
779 2629 972 2716 quaerimus
996 2638 1029 2693 ot
1044 2631 1269 2716 perspicuum

184 2793 187 2800 ἱ
207 2721 268 2804 'est
283 2720 331 2808 err¹
342 2715 475 2782 adverso
490 2725 723 2808 opponuntur,
745 2725 800 2780 aut
817 2714 1028 2779 scribendum
1044 2709 1097 2778 esi
1110 2727 1225 2803 atque.

220 2889 225 2896 .
298 2834 340 2902 II.
380 2841 410 2902 1.
432 2836 570 2900 Ponitur
586 2835 682 2924 utqui
698 2837 832 2924 proprie
849 2845 924 2922 post
940 2835 1151 2915 sententiam,
1167 2857 1270 2922 quam

216 2940 407 2988 conoessum
423 2932 478 2985 aut
500 2921 672 2987 remissam
688 2928 915 3008 agnoscimus,
936 2930 991 2984 aut
1016 2942 1138 3010 negare
1164 2921 1269 2984 nolu-

215 3025 309 3087 mus,
342 3016 380 3069 ut
406 3005 536 3072 alterius
557 3009 604 3074 rei
633 3009 802 3074 veritatem
823 3003 1094 3093 comprobemus,
1127 3028 1269 3092 eamque

215 3112 284 3158 uon
303 3091 413 3158 miuus
433 3092 484 3157 vel
497 3093 601 3181 magis
618 3093 700 3159 adeo
716 3093 823 3158 valere
838 3091 1114 3155 demonstremus.
1154 3092 1268 3170 Quare

124 3179 134 3193 '
215 3178 367 3260 proximo
391 3177 516 3242 accedit
540 3178 581 3262 ad
603 3190 641 3244 at
664 3189 799 3260 tumen,
825 3177 883 3242 s'ed
906 3177 974 3242 vim
1003 3175 1267 3252 confirmationis

215 3263 386 3352 propriam
408 3261 509 3340 habet
534 3263 569 3326 iu
594 3263 670 3358 qai,
705 3285 766 3326 noc
790 3272 905 3351 potest
922 3262 1117 3350 praecedere
1142 3273 1267 3363 quiam-

216 3367 330 3430 qncm,
348 3368 408 3412 nec
423 3346 569 3435 quidem.
614 3347 720 3413 Reddi
738 3358 848 3438 potest
865 3357 924 3436 per
944 3350 994 3414 acl
1012 3373 1068 3430 ros,
1081 3347 1270 3434 glezcbwol

215 3430 315 3512 eben,
340 3429 501 3529 dogegen
516 3434 694 3500 cielmeltr:
717 3434 823 3498 nolim
842 3444 951 3498 tamen
976 3445 1053 3516 cum
1076 3434 1147 3498 aliis
1172 3434 1270 3498 adhi-

170 3589 181 3597 N
214 3512 458 3606 berefrcilrcb„
496 3519 633 3610 Negatio
650 3520 845 3610 plerumque
862 3530 918 3584 aut
933 3519 1125 3607 praecedit,
1141 3519 1197 3582 aut
1213 3520 1269 3586 in-

138 3679 144 3690 ,
215 3599 377 3692 telligitur
396 3613 501 3670 antea.
658 3628 660 3633 ·

316 3725 424 3778 Terent.
444 3725 523 3779 Phor.
542 3722 624 3794 1,4,
642 3723 686 3778 26.
711 3729 743 3780 A.
760 3744 816 3779 non
844 3744 906 3779 sum
932 3723 1011 3795 apud
1034 3745 1086 3782 nra.
1113 3727 1157 3776 .G.
1186 3730 1271 3798 atqui

215 3869 219 3872 ,
285 3824 356 3874 opus
375 3817 417 3862 est
434 3829 506 3864 nunc
523 3827 606 3883 quum
627 3815 748 3868 maxime
765 3823 796 3865 ut
821 3814 876 3878 sis,
896 3810 1033 3883 Antipho.
1067 3814 1270 3881 Suetonvesp.

214 3953 217 3960 ,
284 3890 326 3947 23.
345 3895 492 3963 pecuniam
509 3914 544 3950 ex
561 3900 653 3968 prima
678 3897 966 3968 pensioue'adnrovit
988 3897 1028 3950 ad
1052 3915 1149 3962 uaros,
1175 3899 1272 3951 scisci·

194 3972 197 3978 ’
287 3985 360 4039 tans,
379 3995 443 4054 num
461 3977 763 4054 odore-offenderetur.
798 3981 840 4039 Et
865 3983 916 4036 illo
942 3991 1077 4054 negante,
1105 3983 1202 4053 atqui,
1229 3986 1272 4036 iu·

186 4073 188 4077 ’
267 4063 361 4134 aulis
381 4060 483 4118 01021'0
503 4075 561 4118 est:
581 4067 644 4134 i·q·
663 4065 908 4138 gieicbwolebeu.
945 4067 998 4119 etc.
1025 4066 1058 4118 ad
1083 4055 1137 4134 itt.
1155 4065 1190 4131 8,
1207 4063 1235 4118 3.
1251 4085 1268 4116 o

282 4166 355 4212 rem,
376 4151 485 4221 inquis,
503 4143 651 4224 difficilem
671 4162 698 4208 ct
719 4149 955 4224 inexplicabilem.
986 4153 1076 4225 Atqui
1095 4147 1270 4222 explicanda
