2726 4746
240 325 304 390 aaa
438 346 454 412 ς
624 265 788 418 arcun.
829 319 899 419 au,
943 378 951 392 ,
994 343 1049 354 .,

247 477 338 542 Gaas.
353 474 390 540 B.
408 474 493 543 Gall.
508 477 548 557 4,
569 475 623 542 25.
646 477 684 542 B.
710 479 779 544 Cive
793 481 832 552 2,
855 479 908 543 29.
942 473 984 539 ad
1010 474 1228 540 Suet.*Gaee.
1245 475 1293 540 85.

236 561 426 626 'Ruhnken
443 561 482 710 ap
501 561 638 626 Terent.
663 563 767 628 Andr.
786 569 822 642 1,
844 567 883 637 3,
906 565 958 624 20.
971 611 973 615 .
985 561 1152 625 Goerenz.
1170 560 1211 622 ad
1230 562 1294 624 Cic.

247 646 345 712 Acad.
360 653 391 711 2.
407 670 443 734 p.
482 652 513 713 2.
537 647 690 713 Beieruin
708 650 749 713 ad
765 649 834 712 Cic.
851 645 952 710 Offic.
968 645 1011 708 T.
1032 651 1062 708 1.
1077 651 1113 732 p'.
1129 647 1187 710 84.
1209 646 1295 710 Mat-

247 731 333 794 tine
357 733 397 796 aa
421 733 487 796 cto.
511 755 547 820 p.
571 734 658 798 Mur.
684 721 744 816 aa,
769 739 822 798 71.
847 727 882 795 n
907 730 1001 796 catil.
1017 737 1055 811 a,
1080 737 1140 806 ra,
1166 735 1224 795 27.
1258 731 1295 793 n

247 818 390 882 atterunt
403 818 427 881 ii
443 830 611 883 auctorem
627 820 723 883 huius
744 818 923 884 sententiae
946 818 1138 896 Donatum,
1175 814 1235 902 qui
1261 816 1294 878 ad

134 901 137 908 ’
247 903 383 967 Terent.
398 903 500 971 Andr.
517 914 553 986 1,
576 912 615 982 3,
636 911 690 972 ΞΟ.
708 905 805 969 haee:
828 914 959 989 atque
1005 923 1043 965 ro
1067 913 1242 980 tamen,
1264 913 1295 964 ut

38 987 40 996 ’
148 995 153 1002 ¹
246 989 310 1052 ait.-
336 991 962 1077 tamenipeiecommentump
991 999 1104 1052 acet.
1147 987 1218 1050 Alii
1235 987 1295 1049 im·

246 1074 434 1162 probabant
446 1074 538 1140 haec.
578 1077 704 1158 Nemo,
726 1075 815 1164 quod
837 1074 954 1156 seiam,
976 1074 1185 1164 ipsam-rem
1211 1072 1295 1136 eius-

201 1164 216 1223 .'
247 1183 313 1247 que
327 1181 474 1226 caussam
489 1162 566 1226 satie
583 1163 750 1251 explicuit.
859 1165 870 1190 Χ
1046 1183 1049 1187 ’

331 1287 539 1355 Adversativa
561 1290 628 1370 vis,
651 1313 752 1377 quam
778 1290 892 1357 dieunt
917 1289 1040 1376 inesse,
1068 1287 1215 1352 omnino
1241 1287 1295 1351 ab·

170 1383 172 1386 ·
248 1369 367 1436 horret
381 1373 420 1436 ab
436 1373 500 1438 hoc
522 1375 700 1443 vocabulor
731 1377 811 1442 eam'
827 1377 915 1442 enim
940 1371 1074 1438 exhibet
1096 1371 1297 1436 vocabulum

149 1505 163 1516 ,
248 1467 306 1522 ut.-
329 1468 471 1525 attamen
491 1463 691 1548 negarinon
740 1474 843 1545 otest,
865 1459 1062 1548 quibusdam
1077 1459 1113 1522 in
1130 1457 1216 1522 locis
1233 1477 1297 1522 ar·

172 1621 180 1632 ,
209 1588 213 1606 .
250 1559 323 1618 QVE
338 1545 383 1608 ita
400 1549 564 1634 usurpari,
581 1560 619 1614 ut
631 1571 695 1635 pro
712 1487 828 1616 ϊαηιεη
845 1547 993 1634 positum
1011 1565 1081 1636 esse
1096 1543 1205 1608 videri
1221 1566 1297 1630 pos-

249 1627 302 1691 sit.
361 1631 446 1695 Sunt
478 1635 651 1700 verotloct
674 1635 715 1717 ii,
752 1636 809 1724 qui
837 1633 902 1699 huc
930 1630 1119 1720 pertinent,
1157 1629 1296 1716 duplicis

248 1718 387 1800 generis.
429 1717 469 1781 ln
486 1719 555 1792 aliis
571 1722 661 1786 enim
676 1727 778 1809 ‘atque
793 1742 856 1808 pro
872 1741 915 1783 uc
929 1729 1064 1796 tamen,
1087 1714 1125 1777 in
1144 1715 1217 1779 aliis
1235 1737 1296 1800 pro

250 1805 351 1896 atque
364 1802 463 1884 adeo,
480 1805 522 1869 de
538 1822 722 1894 qtm·snpra
734 1809 800 1872 iam
814 1805 970 1884 diximus,
992 1801 1143 1888 ponitur.
1189 1801 1298 1863 Potest

250 1906 340 1948 emm
354 1887 450 1952 alicui
467 1893 647 1967 sententiae
669 1893 792 1980 aliquid
813 1890 907 1964 addi,
933 1888 1031 1975 quod
1056 1886 1097 1949 ab
1123 1908 1165 1949 eo
1191 1886 1296 1949 diver-

250 1990 324 2032 sum
348 1982 381 2035 et
397 1977 601 2040 contrarium
621 1979 784 2060 videatur,
808 1975 934 2040 etiamsi
942 1975 1050 2061 ipsam
1058 1971 1295 2036 nontollatout

249 2051 426 2142 infringatr
450 2063 546 2126 aienti
561 2062 599 2124 fit
617 2065 653 2124 in
676 2061 966 2128 coniunctionibus
982 2059 1191 2123 concessivis.
1235 2059 1295 2120 Po·
1335 2073 1336 2076 ’

249 2140 341 2202 nitur
356 2143 456 2228 igitur
470 2157 585 2209 tamen
611 2147 651 2210 ad
673 2149 882 2214 indicandam
906 2146 971 2224 rei,
999 2165 1083 2230 quae
1104 2143 1296 2230 opponitur,

251 2229 482 2294 constantiam.
526 2231 590 2297 Vbi
613 2255 692 2298 vero
719 2237 850 2321 praeter
872 2229 957 2294 hano
983 2249 1003 2290 o
1029 2229 1238 2314 positionem
1261 2249 1297 2288 ex

249 2320 345 2396 parte
359 2318 570 2403 conspicuam
595 2321 691 2384 etiam
708 2315 939 2404 ideignificare
961 2251 1099 2392 uniunt,
1124 2329 1197 2397 quo
1223 2311 1297 2374 duae

250 2400 428 2462 sententiae
450 2402 537 2466 inter
558 2426 593 2467 se
622 2405 791 2490 aequalem
814 2403 883 2468 vim
904 2399 1028 2463 habent
1051 2407 1084 2461 et
1108 2397 1295 2476 cohaerent,

252 2479 377 2559 addunt
394 2485 502 2550 Latini
525 2499 643 2573 atque,
665 2509 733 2574 quo
749 2488 883 2575 quidem
898 2485 1079 2561 indicatur,
1103 2484 1234 2547 etiamsi
1252 2482 1295 2546 al·

183 2586 186 2591 ’
250 2574 320 2630 tera
334 2589 387 2632 res
404 2589 478 2644 ¹vcra
494 2571 536 2634 sit
552 2584 583 2636 et
603 2585 746 2652 constet,
773 2595 874 2658 aeque
888 2582 1001 2635 tamen
1023 2569 1163 2632 alteram
1188 2590 1295 2632 veram

251 2673 321 2716 esse
347 2663 379 2716 et
402 2666 561 2728 constare.
602 2658 641 2722 In
656 2658 804 2724 Terentii
825 2657 929 2722 Andr.
955 2664 991 2730 1,
1013 2660 1052 2735 3,
1073 2659 1126 2720 20.
1150 2653 1216 2718 diei
1240 2677 1297 2740 po·
1336 2677 1337 2728 j

250 2741 462 2806 teratrmz'lti
477 2765 546 2828 iton
552 2739 603 2830 fit
618 2744 816 2820 verisimile:
838 2754 956 2809 tumen
970 2740 1056 2826 ipaia
1073 2751 1298 2804 commentum

131 2851 154 2904 ιζ
218 2885 220 2890 ,
245 2823 377 2908 placet.
395 2827 418 2892 i.
433 2849 461 2894 e.
486 2851 687 2916 quamquam
708 2820 884 2896 mihi'non
907 2826 944 2891 fit
966 2825 1162 2896 verisimile,
1188 2837 1298 2888 tamen

251 2930 320 2996 non
331 2907 386 2992 fit,
402 2922 440 2974 ut
458 2913 526 2980 aliis
542 2915 605 2980 illis
623 2927 849 2983 commentum
858 2936 927 2978 non
937 2913 1082 3012 placeat,
1103 2911 1160 2974 sed
1171 2933 1209 2973 re
1225 2933 1297 2974 vern

67 3009 69 3018 ’
104 3045 108 3050 -
151 3074 154 3078 .
250 2993 369 3082 placat.
400 2997 490 3062 Tum
506 3001 604 3066 etiam
618 3003 681 3065 dici
695 3012 842 3089 poterat:
863 3000 948 3064 milet
965 2993 1092 3083 nonsit
1106 2995 1297 3076 verisimile,

251 3093 285 3146 et
319 3094 436 3150 tumen
462 3086 547 3171 ipris
570 3100 795 3153 continentum
824 3083 957 3173 placet:
989 3105 1056 3170 quo
1086 3080 1297 3167 significatur,

252 3165 429 3234 cohaerere
457 3181 632 3260 utramque
657 3169 742 3240 rein.
776 3173 936 3257 ,Denique
955 3167 1039 3247 haec,
1066 3169 1183 3232 verba:
1215 3167 1297 3230 milri

251 3251 375 3338 nonfit
394 3255 591 3336 verisimile,
616 3281 658 3322 ac
678 3270 792 3322 tamen
816 3258 901 3342 ipeia
925 3265 1151 3319 commentum
1169 3251 1296 3338 placet,

173 3383 175 3387 -
251 3359 385 3401 sensum
399 3335 520 3403 habent
547 3340 651 3408 hunc:
674 3343 759 3408 mihi
781 3365 851 3408 non
874 3340 913 3406 fit
933 3339 1126 3413 verisimile,
1150 3349 1182 3400 et
1204 3349 1244 3400 ut
1266 3337 1296 3401 id

253 3432 320 3502 est,
339 3423 384 3486 ita
399 3424 496 3489 etiam
513 3425 577 3491 hoo
597 3451 699 3515 aeque
716 3440 782 3509 est,
810 3428 879 3493 aliis
903 3426 1033 3512 placere
1057 3434 1296 3486 commentum.

147 3565 153 3582 ,
206 3544 215 3568 .·
251 3507 322 3570 Noe
340 3507 375 3572 id
390 3511 577 3596 exprimere
591 3515 735 3578 solemus
776 3509 1023 3600 ergleielawol,
1052 3510 1087 3573 in
1112 3531 1179 3594 quo
1197 3509 1296 3571 verbo

251 3592 351 3669 altera
365 3617 445 3682 pars
457 3645 467 3676 ,
485 3598 618 3684 gleiolz,
647 3537 817 3685 aequaiem
839 3597 906 3662 vim
931 3596 1102 3681 utriusque
1125 3595 1175 3658 rei
1194 3605 1296 3657 notat.

252 3677 360 3742 Latini
377 3691 486 3745 autem
503 3685 660 3749 otnittuut
683 3683 781 3770 saepo
803 3682 884 3747 illud
908 3695 1042 3755 tumen,
1065 3691 1099 3744 et
1124 3679 1297 3764 aequalita-

151 3820 155 3833 ,
219 3774 224 3782 “
251 3773 322 3827 tem
341 3774 488 3849 tantum,
513 3791 577 3856 qua
601 3769 683 3834 duae
705 3771 850 3834 diversae
875 3768 1053 3832 sententiae
1076 3765 1295 3843 continentur,
1336 3767 1337 3774 ’

252 3848 354 3916 verbo
371 3862 471 3936 atque
487 3853 669 3942 designant.
704 3854 753 3920 Ita
770 3855 945 3920 Terentius
965 3851 1063 3916 dixit:
1087 3851 1156 3928 mi,
1176 3851 1295 3924 hercle,

252 3929 381 4024 nonsit
396 3938 594 4004 verisimile:
617 3953 716 4030 atque
732 3934 816 4028 ipati
836 3950 1061 4008 conzmeutnm
1080 3936 1209 4021 placet.
1245 3936 1295 4015 ¹Ita

254 4022 344 4086 enim
360 4020 572 4088 scribendum
595 4039 682 4110 erat,
703 4037 741 4090 ut
765 4025 889 4111 antiqui
903 4023 980 4088 libri
1003 4021 1183 4099 exhibent,
1206 4021 1295 4108 quid·

254 4107 335 4195 quid
353 4107 456 4176 critici
467 4107 582 4206 *dicant
597 4112 638 4178 de
655 4135 736 4182 voce
751 4112 800 4178 mi
818 4133 887 4178 non
904 4107 1063 4180 elidenda.
1151 4147 1158 4155 -
