2760 4748
240 351 320 442 ses
628 329 882 458 s'nrersu.

251 531 255 538 ·
325 502 406 582 Res,
427 504 478 567 cui
494 503 554 568 alio
568 505 751 592 praecedit,
781 513 837 567 cut
850 503 921 590 ipsa
938 507 1081 588 apparet
1089 499 1124 564 in
1139 509 1290 588 tempo-

187 611 189 622 ’
240 609 293 670 re,
317 609 383 674 quo
400 586 454 668 fit,
481 599 582 654 utres
602 613 676 654 cum
692 614 728 654 re
746 597 974 680 comparetur,
1006 595 1063 649 aut
1083 585 1290 671 intelligitur

240 686 409 760 tamquam
426 674 637 760 exspectanda
654 675 714 756 ita,
743 686 780 738 ut
796 673 1025 737 conditionem.
1048 670 1192 757 aliquam
1219 671 1290 735 ad-

243 759 315 840 dat,
340 769 372 822 et
385 769 516 846 tempus
533 783 607 824 cum
624 761 752 826 alterius
768 758 926 844 temporis
945 757 1073 820 ratione
1090 778 1286 844 compona-

239 853 304 908 tur.
346 843 431 908 Illud
458 845 491 908 in
514 845 610 910 rebus
638 846 716 932 ipsis
740 845 947 909 observatum
970 855 1030 929 per
1051 840 1284 922 indicativum,

239 928 305 992 hoe
324 929 521 1015 cogitatione
534 931 681 1019 positum
695 952 755 1016 per
770 930 1031 1006 coniunctium,
1064 928 1121 1012 qui
1141 928 1285 991 ratioci-

219 1038 221 1054 ’
239 1014 365 1078 nationi
383 1015 533 1096 inservit,
554 1017 761 1103 exprimitur.
792 1013 895 1100 quue
910 1013 944 1076 in
958 1023 1164 1099 quacumque
1180 1035 1283 1076 com-

238 1097 408 1198 paratione
424 1103 648 1184 cognoscitur,
676 1123 759 1187 quae
781 1110 836 1163 aut
850 1119 922 1164 rem
939 1097 1116 1184 componit
1138 1119 1218 1162 cum
1243 1121 1282 1162 re

238 1203 304 1250 rum
322 1185 452 1268 cognita
465 1195 497 1248 et
510 1185 699 1260 indicanda,
719 1195 775 1248 aut
788 1207 859 1250 rem
877 1183 1006 1248 confert
1021 1203 1095 1246 cum
1110 1205 1171 1262 ec,
1187 1185 1281 1270 quod
1366 1249 1367 1258 ,

241 1288 309 1334 csse
327 1271 427 1355 possit
444 1277 475 1332 et
497 1291 565 1333 esse
588 1271 784 1363 cogitatione
808 1269 955 1356 ponitur.
983 1265 1083 1332 veluti
1106 1268 1189 1332 Plin.
1216 1268 1281 1356 Ep.
1365 1265 1367 1350 l

205 1426 209 1430 ¹
238 1359 276 1433 7,
304 1355 357 1418 24.
383 1351 530 1417 trahebat
561 1355 625 1419 illu
649 1353 880 1442 pantomimos
898 1337 1096 1439 forebutque
1129 1351 1281 1441 effusius,

239 1460 341 1525 quum
348 1439 504 1526 principi
515 1435 673 1534 feminee
691 1438 852 1504 convenil.
875 1439 932 1501 sed
951 1439 1086 1502 Suetou.
1110 1438 1205 1502 Galb.
1226 1441 1279 1502 14.

238 1523 340 1588 modo
357 1525 579 1590 remissiores
595 1525 836 1613 negligentior,
851 1545 954 1609 quum
969 1521 1161 1586 conveniret
1175 1523 1281 1607 prin-

239 1609 309 1698 cipi
332 1609 446 1674 electo.
487 1609 601 1697 Itaque
623 1633 725 1697 quum
748 1611 817 1674 Cic.
844 1608 883 1670 nd
906 1608 1278 1682 Au.10‚15.scribit:

239 1691 381 1780 litteras,
399 1695 457 1759 des
481 1708 677 1792 antequam
702 1693 923 1770 discedimus,
948 1692 982 1756 id
1010 1690 1167 1779 significat
1194 1706 1279 1758 unte

213 1771 425 1842 'discessum
451 1791 613 1844 nostrum.
650 1791 682 1844 et
706 1781 809 1844 Plauti
832 1779 901 1842 Mil.
927 1783 966 1854 3,
1001 1784 1037 1858 1,
1068 1780 1138 1842 115.
1163 1778 1278 1862 prius,

261 1884 343 1926 uum
356 1863 462 1938 lucet,
484 1863 610 1929 adsunt
626 1874 762 1929 estante
786 1863 905 1928 lucem.
950 1862 1014 1926 Sed
1037 1883 1137 1947 quum
1154 1863 1279 1928 Seneca

237 1886 312 2012 ilat.
339 1969 392 2031 qu.
417 1953 456 2028 2,
482 1955 532 2013 12.
567 1961 648 2014 ‹rnte
678 1960 793 2014 autem
821 1947 970 2012 videmus
987 1945 1277 2034 firlgurutionem,

238 2054 340 2118 quum
354 2054 473 2096 sonum
486 2032 681 2098 audiamus.
705 2033 881 2098 cohaerent
904 2031 986 2096 haec
1005 2033 1205 2096 conditionis
1222 2057 1278 2098 ra-

238 2115 349 2198 tione,
374 2139 433 2182 nec
456 2141 506 2184 res
527 2129 739 2206 comparatur
761 2141 834 2182 oum
858 2140 894 2182 re
915 2139 1065 2182 seorsum
1085 2129 1277 2204 apparente,

227 2201 296 2267 'sed
321 2224 397 2267 cum
420 2206 520 2269 reita
551 2227 611 2293 sup
639 2204 736 2285 osita,
772 2213 810 2267 ut
832 2203 990 2289 temporis
1017 2202 1100 2265 ratio
1120 2213 1153 2267 et
1170 2225 1275 2267 nexus

239 2285 475 2354 consideretur.
515 2290 600 2354 'Nam
652 2311 756 2354 enon
780 2288 876 2370 dicit,
907 2287 998 2374 quod
1020 2295 1170 2374 poterat,
1195 2285 1277 2374 ful·

235 2375 456 2459 gurutionem
476 2373 623 2440 videmus
647 2387 727 2440 ante
749 2395 867 2438 sonum
891 2372 1065 2445 creditum,
1099 2373 1156 2437 sed
1180 2372 1275 2438 uide-

236 2455 595 2543 muefulgurutionem
615 2473 696 2524 unte
711 2472 860 2544 tempus,
883 2458 920 2522 in
936 2479 999 2544 quo
1015 2456 1208 2521 crudiendus
1230 2459 1276 2522 sit
1365 2505 1366 2518 ,

236 2563 348 2604 sonus.
392 2539 445 2605 Sic
471 2542 538 2605 Cic.
563 2543 603 2607 de
625 2546 716 2607 Orat.
741 2551 776 2625 1,
804 2546 863 2622 59,
891 2545 964 2606 251.
993 2541 1143 2629 ῳιοίἱιίἰο
1178 2555 1274 2607 ante-

129 2658 132 2664 ·
237 2647 339 2714 qurum
353 2627 613 2712 pronuntient,
634 2651 745 2692 vocem
772 2625 931 2690 cubantes
963 2627 1088 2690 sen-sim
1113 2629 1274 2692 excitent.

238 2711 415 2776 consilium
439 2712 627 2788 intercedit,
665 2734 732 2799 quo
765 2713 937 2775 coniuncta
961 2712 1142 2776 videantur.
1204 2711 1274 2777 Nos

158 2822 161 2830 ’
235 2806 413 2882 utrumque
429 2797 656 2884 distinguimus
672 2797 836 2864 uocabulis
857 2798 915 2860 else
932 2807 964 2859 et
982 2793 1089 2860 besor.
1119 2795 1158 2861 In
1175 2820 1274 2886 prae-

237 2882 322 2946 senti
339 2892 491 2969 tempore
508 2903 609 2970 quum
627 2900 731 2949 unum
746 2891 890 2959 tantum,
915 2881 1004 2980 quod
1023 2893 1175 2969 apparet,
1193 2907 1274 2946 oon-

144 2978 147 2987 '
236 2965 411 3053 spiciatur,
433 2968 571 3033 alterum
588 2991 657 3034 non
670 2969 733 3033 nisi
751 2977 934 3054 exspectan
949 2976 980 3030 et
996 2963 1142 3054 supponi
1156 2969 1273 3054 possit,

234 3053 411 3141 proprium
434 3053 544 3118 locum
576 3055 674 3118 habet
697 3053 931 3134 coniunctivus.
983 3053 1085 3116 Varro
1112 3053 1154 3116 dc
1172 3053 1221 3117 Re
1244 3077 1273 3116 r.

236 3144 274 3209 1,
306 3143 359 3203 30.
388 3149 571 3224 autequam
598 3157 754 3225 gemmus
784 3147 896 3224 agent
919 3160 960 3200 uc
976 3135 1161 3224 florescere
1184 3139 1274 3202 inei·

228 3223 335 3307 piant
362 3224 440 3288 scri.
493 3223 607 3306 Virgil.
633 3225 754 3322 Georg.
788 3223 827 3303 4,
848 3221 922 3288 305.
942 3223 1004 3285 hcc
1025 3223 1181 3310 geritur,
1215 3247 1273 3288 ze-

227 3307 350 3394 phyris
366 3307 521 3395 primum
545 3307 792 3396 impellentibus
818 3307 947 3387 vindos,
987 3320 1067 3372 ente
1093 3308 1188 3372 novis
1211 3331 1273 3372 ru-

160 3439 163 3447 .
233 3387 335 3454 beant
349 3413 450 3478 quium
459 3403 570 3478 pratu
590 3389 766 3459 coloribus.
810 3393 923 3460 Senes.
939 3392 1002 3478 Ep.
1027 3399 1104 3470 103,
1128 3399 1159 3457 2.
1184 3405 1273 3458 tem-

198 3535 204 3540 .
229 3485 347 3562 pectas
364 3476 533 3554 minatur,
563 3491 745 3568 antequam
760 3489 892 3566 surgat.
947 3477 1058 3542 Sc'nee.
1081 3478 1178 3542 Herc.
1202 3477 1271 3543 fur.

233 3567 307 3626 210.
327 3573 509 3649 antequam
526 3563 655 3628 laetum
672 3564 808 3626 domium
824 3564 1023 3650 contingat,
1048 3563 1147 3627 uliud
1162 3563 1273 3628 iussus
1363 3587 1364 3590 ¹

235 3644 429 3710 cutellum
444 3659 546 3711 meat.
591 3650 683 3728 Quae
702 3648 945 3734 explicarenon
960 3650 1097 3734 poteris,
1117 3651 1144 3713 si
1161 3650 1272 3713 Gern-
1363 3699 1364 3702 ,

233 3729 375 3795 handum
405 3733 548 3818 sequaris
579 3735 614 3797 in
645 3725 865 3798 Commentat.
900 3755 1038 3821 gramm.
1069 3731 1126 3797 lv.
1157 3757 1192 3822 p.
1217 3736 1269 3798 15.

233 3813 400 3904 (Seebcdii
429 3817 553 3904 Syltoo.
577 3823 615 3900 2,
640 3825 672 3884 3.
706 3841 741 3906 p.
762 3817 855 3917 537.)
883 3819 1155 3918 praecipientem,
1186 3841 1272 3883 con-

232 3901 378 3994 iunctivo
390 3871 589 3998 'perticulam
610 3927 679 3968 non
695 3905 869 4001 coniungi,
878 3911 881 3917 '
895 3926 958 3968 nist
977 3903 1200 3990 suscipiendae
1220 3903 1269 3968 rei
1362 3921 1363 3966 1

234 3987 367 4075 alicuius
387 3987 516 4050 rmtium
536 3987 576 4051 ad
594 3990 678 4071 eius,
730 3990 763 4052 ui
786 3991 937 4075 suscipit,
970 3997 1116 4058 mentem
1140 3987 1268 4053 refera-

157 4125 160 4134 ,
233 4081 298 4136 tur.
341 4071 488 4137 Meinero
513 4073 646 4162 aliisque
668 4013 847 4140 sulliciebat
873 4074 1070 4161 distinguere
1092 4075 1267 4138 sententias

231 4169 335 4223 certas
364 4168 397 4226 et
426 4156 549 4226 dubius.
587 4162 649 4243 „tt
679 4160 902 4228 conditionem
930 4160 1093 4249 respicere
1120 4169 1266 4248 oportet,

1362 3783 1364 3914 t
