<?xml version="1.0" encoding="UTF-8"?>
<!DOCTYPE html PUBLIC "-//W3C//DTD XHTML 1.0 Transitional//EN"
    "http://www.w3.org/TR/xhtml1/DTD/xhtml1-transitional.dtd">
<html xmlns="http://www.w3.org/1999/xhtml" xml:lang="en" lang="en">
 <head>
  <title>
</title>
<meta http-equiv="Content-Type" content="text/html;charset=utf-8" />
  <meta name='ocr-system' content='tesseract 3.04.00' />
  <meta name='ocr-capabilities' content='ocr_page ocr_carea ocr_par ocr_line ocrx_word'/>
</head>
<body>
  <div class='ocr_page' id='page_1' title='image "./ferdinandihandi00torsgoog_0445.png"; bbox 0 0 2726 4746; ppageno 0'>
   <div class='ocr_carea' id='block_1_1' title="bbox 301 229 1286 362">
    <p class='ocr_par' dir='ltr' id='par_1_1' title="bbox 301 229 1286 362">
     <span class='ocr_line' id='line_1_1' title="bbox 301 229 1286 362; baseline 0.009 -27"><span class='ocrx_word' id='word_1_1' title='bbox 301 255 359 280; x_wconf 53' lang='lat'><strong>‘&#39;</strong></span> <span class='ocrx_word' id='word_1_2' title='bbox 464 245 480 264; x_wconf 77' lang='grc'><strong>’“</strong></span> <span class='ocrx_word' id='word_1_3' title='bbox 545 229 828 362; x_wconf 57' lang='lat' dir='ltr'><strong>esrum</strong></span> <span class='ocrx_word' id='word_1_4' title='bbox 907 281 911 290; x_wconf 62' lang='lat'><strong><em>¹</em></strong></span> <span class='ocrx_word' id='word_1_5' title='bbox 1105 249 1201 346; x_wconf 73' lang='lat' dir='ltr'><strong>aas</strong></span> <span class='ocrx_word' id='word_1_6' title='bbox 1282 327 1286 330; x_wconf 92' lang='lat'><strong>.</strong></span> 
     </span>
    </p>
   </div>
   <div class='ocr_carea' id='block_1_2' title="bbox 124 423 1245 1276">
    <p class='ocr_par' dir='ltr' id='par_1_2' title="bbox 187 423 1245 838">
     <span class='ocr_line' id='line_1_2' title="bbox 191 423 1167 506; baseline 0.009 -28"><span class='ocrx_word' id='word_1_7' title='bbox 191 424 336 482; x_wconf 80' lang='lat' dir='ltr'><strong>nataralia</strong></span> <span class='ocrx_word' id='word_1_8' title='bbox 358 427 522 496; x_wconf 75' lang='lat' dir='ltr'><strong>imponitur.</strong></span> <span class='ocrx_word' id='word_1_9' title='bbox 558 423 643 479; x_wconf 81' lang='lat' dir='ltr'><strong>Tacit.</strong></span> <span class='ocrx_word' id='word_1_10' title='bbox 667 430 733 494; x_wconf 62' lang='lat' dir='ltr'><strong>tnnc</strong></span> <span class='ocrx_word' id='word_1_11' title='bbox 756 428 794 490; x_wconf 88' lang='grc'><strong>-1,</strong></span> <span class='ocrx_word' id='word_1_12' title='bbox 811 427 854 481; x_wconf 77' lang='grc'><strong>38.</strong></span> <span class='ocrx_word' id='word_1_13' title='bbox 880 430 1010 484; x_wconf 70' lang='lat' dir='ltr'><strong>melitinae</strong></span> <span class='ocrx_word' id='word_1_14' title='bbox 1037 433 1167 506; x_wconf 71' lang='lat' dir='ltr'><strong>legionum</strong></span> 
     </span>
     <span class='ocr_line' id='line_1_3' title="bbox 190 508 1245 587; baseline 0.01 -25"><span class='ocrx_word' id='word_1_15' title='bbox 190 511 396 580; x_wconf 81' lang='lat' dir='ltr'><strong>germanicarum</strong></span> <span class='ocrx_word' id='word_1_16' title='bbox 410 522 519 573; x_wconf 67' lang='lat' dir='ltr'><strong>⁵usuratu</strong></span> <span class='ocrx_word' id='word_1_17' title='bbox 536 514 637 581; x_wconf 77' lang='lat' dir='ltr'><strong>pergit:</strong></span> <span class='ocrx_word' id='word_1_18' title='bbox 669 514 709 578; x_wconf 76' lang='lat' dir='ltr'><strong>At</strong></span> <span class='ocrx_word' id='word_1_19' title='bbox 729 515 758 564; x_wconf 83' lang='lat' dir='ltr'><strong>in</strong></span> <span class='ocrx_word' id='word_1_20' title='bbox 781 508 897 566; x_wconf 84' lang='lat' dir='ltr'><strong>Cltaacis</strong></span> <span class='ocrx_word' id='word_1_21' title='bbox 915 528 1075 587; x_wconf 76' lang='lat' dir='ltr'><em>coeptavere</em></span> <span class='ocrx_word' id='word_1_22' title='bbox 1095 520 1166 576; x_wconf 83' lang='lat' dir='ltr'><strong>sedi·</strong></span> <span class='ocrx_word' id='word_1_23' title='bbox 1227 517 1245 581; x_wconf 42' lang='grc' dir='ltr'><strong><em>ᾗ</em></strong></span> 
     </span>
     <span class='ocr_line' id='line_1_4' title="bbox 193 595 1167 671; baseline 0.013 -26"><span class='ocrx_word' id='word_1_24' title='bbox 193 600 299 650; x_wconf 84' lang='lat' dir='ltr'><strong>tionem</strong></span> <span class='ocrx_word' id='word_1_25' title='bbox 323 596 497 666; x_wconf 76' lang='lat' dir='ltr'><em>praesidium</em></span> <span class='ocrx_word' id='word_1_26' title='bbox 529 600 675 667; x_wconf 81' lang='lat' dir='ltr'><strong>agitantes</strong></span> <span class='ocrx_word' id='word_1_27' title='bbox 699 595 849 652; x_wconf 80' lang='lat' dir='ltr'><strong>vexillarii.</strong></span> <span class='ocrx_word' id='word_1_28' title='bbox 893 603 950 662; x_wconf 77' lang='lat' dir='ltr'><strong>Quo</strong></span> <span class='ocrx_word' id='word_1_29' title='bbox 977 599 1167 671; x_wconf 79' lang='lat' dir='ltr'><strong>oppositionem</strong></span> 
     </span>
     <span class='ocr_line' id='line_1_5' title="bbox 190 671 1167 757; baseline 0.012 -28"><span class='ocrx_word' id='word_1_30' title='bbox 190 689 333 748; x_wconf 76' lang='lat' dir='ltr'><strong>aequaret,</strong></span> <span class='ocrx_word' id='word_1_31' title='bbox 364 681 391 731; x_wconf 91' lang='lat' dir='ltr'><strong>in</strong></span> <span class='ocrx_word' id='word_1_32' title='bbox 411 681 630 750; x_wconf 77' lang='lat' dir='ltr'><strong>interpretatione</strong></span> <span class='ocrx_word' id='word_1_33' title='bbox 651 671 766 732; x_wconf 45' lang='lat' dir='ltr'><strong>W&#39;ollius</strong></span> <span class='ocrx_word' id='word_1_34' title='bbox 788 683 894 743; x_wconf 56' lang='lat' dir='ltr'><strong>‚addidit</strong></span> <span class='ocrx_word' id='word_1_35' title='bbox 918 703 1034 757; x_wconf 82' lang='lat' dir='ltr'><strong>quoqne.</strong></span> <span class='ocrx_word' id='word_1_36' title='bbox 1069 689 1119 740; x_wconf 85' lang='lat' dir='ltr'><strong>Sed</strong></span> <span class='ocrx_word' id='word_1_37' title='bbox 1135 700 1167 741; x_wconf 76' lang='lat' dir='ltr'><strong>at</strong></span> 
     </span>
     <span class='ocr_line' id='line_1_6' title="bbox 187 763 1167 838; baseline 0.01 -24"><span class='ocrx_word' id='word_1_38' title='bbox 187 774 288 814; x_wconf 88' lang='lat' dir='ltr'><strong>tantum</strong></span> <span class='ocrx_word' id='word_1_39' title='bbox 308 764 482 818; x_wconf 81' lang='lat' dir='ltr'><strong>declarationi</strong></span> <span class='ocrx_word' id='word_1_40' title='bbox 500 767 618 818; x_wconf 86' lang='lat' dir='ltr'><strong>inservit.</strong></span> <span class='ocrx_word' id='word_1_41' title='bbox 650 763 688 832; x_wconf 70' lang='lat'><strong>4,</strong></span> <span class='ocrx_word' id='word_1_42' title='bbox 714 765 755 818; x_wconf 84' lang='grc'><strong>13.</strong></span> <span class='ocrx_word' id='word_1_43' title='bbox 772 778 803 818; x_wconf 88' lang='lat' dir='ltr'><strong>at</strong></span> <span class='ocrx_word' id='word_1_44' title='bbox 828 769 952 822; x_wconf 84' lang='lat' dir='ltr'><strong>Tiberias</strong></span> <span class='ocrx_word' id='word_1_45' title='bbox 972 782 1023 822; x_wconf 87' lang='lat' dir='ltr'><strong>etc.</strong></span> <span class='ocrx_word' id='word_1_46' title='bbox 1058 773 1105 838; x_wconf 80' lang='grc'><strong>12,</strong></span> <span class='ocrx_word' id='word_1_47' title='bbox 1124 773 1167 826; x_wconf 85' lang='grc'><strong>62.</strong></span> 
     </span>
    </p>

    <p class='ocr_par' dir='ltr' id='par_1_3' title="bbox 124 849 1166 1010">
     <span class='ocr_line' id='line_1_7' title="bbox 124 849 1166 922; baseline 0.01 -21"><span class='ocrx_word' id='word_1_48' title='bbox 124 865 127 872; x_wconf 81' lang='grc'><strong><em>’</em></strong></span> <span class='ocrx_word' id='word_1_49' title='bbox 188 861 221 902; x_wconf 87' lang='lat' dir='ltr'><strong>at</strong></span> <span class='ocrx_word' id='word_1_50' title='bbox 244 850 381 920; x_wconf 77' lang='lat' dir='ltr'><strong>Byzantii</strong></span> <span class='ocrx_word' id='word_1_51' title='bbox 406 860 456 902; x_wconf 82' lang='lat' dir='ltr'><strong>etc.</strong></span> <span class='ocrx_word' id='word_1_52' title='bbox 491 850 540 914; x_wconf 91' lang='grc'><strong>14,</strong></span> <span class='ocrx_word' id='word_1_53' title='bbox 558 849 599 903; x_wconf 84' lang='grc'><strong>23.</strong></span> <span class='ocrx_word' id='word_1_54' title='bbox 627 860 659 903; x_wconf 87' lang='lat' dir='ltr'><strong>at</strong></span> <span class='ocrx_word' id='word_1_55' title='bbox 690 849 821 904; x_wconf 77' lang='lat' dir='ltr'><strong>cortule.</strong></span> <span class='ocrx_word' id='word_1_56' title='bbox 854 851 880 904; x_wconf 90' lang='grc'><strong>4.</strong></span> <span class='ocrx_word' id='word_1_57' title='bbox 896 852 921 904; x_wconf 87' lang='grc'><strong>5.</strong></span> <span class='ocrx_word' id='word_1_58' title='bbox 936 851 968 922; x_wconf 88' lang='grc'><strong>4,</strong></span> <span class='ocrx_word' id='word_1_59' title='bbox 985 855 1010 908; x_wconf 89' lang='grc'><strong>6.</strong></span> <span class='ocrx_word' id='word_1_60' title='bbox 1039 857 1070 922; x_wconf 90' lang='grc'><strong>1,</strong></span> <span class='ocrx_word' id='word_1_61' title='bbox 1088 859 1113 910; x_wconf 89' lang='grc'><strong>2.</strong></span> <span class='ocrx_word' id='word_1_62' title='bbox 1139 869 1166 910; x_wconf 83' lang='lat' dir='ltr'><strong>et</strong></span> 
     </span>
     <span class='ocr_line' id='line_1_8' title="bbox 187 934 1165 1010; baseline 0.008 -24"><span class='ocrx_word' id='word_1_63' title='bbox 187 935 269 990; x_wconf 86' lang='lat' dir='ltr'><strong>multa</strong></span> <span class='ocrx_word' id='word_1_64' title='bbox 287 935 353 997; x_wconf 85' lang='lat' dir='ltr'><strong>alia,</strong></span> <span class='ocrx_word' id='word_1_65' title='bbox 377 934 405 985; x_wconf 92' lang='lat' dir='ltr'><strong>in</strong></span> <span class='ocrx_word' id='word_1_66' title='bbox 424 935 516 1004; x_wconf 86' lang='lat' dir='ltr'><strong>quibus</strong></span> <span class='ocrx_word' id='word_1_67' title='bbox 535 935 664 1004; x_wconf 87' lang='lat' dir='ltr'><strong>particula</strong></span> <span class='ocrx_word' id='word_1_68' title='bbox 682 939 863 990; x_wconf 80' lang='lat' dir='ltr'><strong>transitionem</strong></span> <span class='ocrx_word' id='word_1_69' title='bbox 881 951 965 1010; x_wconf 83' lang='lat' dir='ltr'><strong>parat.</strong></span> <span class='ocrx_word' id='word_1_70' title='bbox 985 943 1058 1004; x_wconf 83' lang='lat' dir='ltr'><strong>Quae</strong></span> <span class='ocrx_word' id='word_1_71' title='bbox 1074 945 1165 994; x_wconf 86' lang='lat' dir='ltr'><strong>Drcn&#39;-</strong></span> 
     </span>
    </p>

    <p class='ocr_par' dir='ltr' id='par_1_4' title="bbox 140 1010 1245 1276">
     <span class='ocr_line' id='line_1_9' title="bbox 140 1010 1245 1094; baseline 0.009 -23"><span class='ocrx_word' id='word_1_72' title='bbox 140 1083 145 1091; x_wconf 48' lang='lat'><strong>,</strong></span> <span class='ocrx_word' id='word_1_73' title='bbox 185 1021 246 1083; x_wconf 73' lang='lat' dir='ltr'><strong>laius</strong></span> <span class='ocrx_word' id='word_1_74' title='bbox 266 1020 299 1078; x_wconf 82' lang='lat' dir='ltr'><strong>ad</strong></span> <span class='ocrx_word' id='word_1_75' title='bbox 318 1019 421 1086; x_wconf 82' lang='lat' dir='ltr'><strong>Dialog.</strong></span> <span class='ocrx_word' id='word_1_76' title='bbox 436 1038 465 1088; x_wconf 84' lang='lat' dir='ltr'><strong>p.</strong></span> <span class='ocrx_word' id='word_1_77' title='bbox 486 1017 543 1072; x_wconf 82' lang='grc'><strong>126.</strong></span> <span class='ocrx_word' id='word_1_78' title='bbox 555 1030 591 1094; x_wconf 42' lang='grc' dir='ltr'><strong>Χοε</strong></span> <span class='ocrx_word' id='word_1_79' title='bbox 610 1015 666 1072; x_wconf 84' lang='grc'><strong>174.</strong></span> <span class='ocrx_word' id='word_1_80' title='bbox 685 1024 783 1085; x_wconf 87' lang='lat' dir='ltr'><strong>attulit,</strong></span> <span class='ocrx_word' id='word_1_81' title='bbox 803 1011 963 1076; x_wconf 22' lang='lat' dir='ltr'><strong>omnia-sunt</strong></span> <span class='ocrx_word' id='word_1_82' title='bbox 976 1023 1061 1076; x_wconf 80' lang='lat' dir='ltr'><strong>aliena</strong></span> <span class='ocrx_word' id='word_1_83' title='bbox 1074 1042 1173 1082; x_wconf 65' lang='lat' dir='ltr'><strong>exem.</strong></span> <span class='ocrx_word' id='word_1_84' title='bbox 1243 1010 1245 1020; x_wconf 31' lang='grc' dir='ltr'>Ι</span> 
     </span>
     <span class='ocr_line' id='line_1_10' title="bbox 183 1101 1165 1180; baseline 0.008 -24"><span class='ocrx_word' id='word_1_85' title='bbox 183 1107 244 1175; x_wconf 86' lang='lat' dir='ltr'><strong>pla,</strong></span> <span class='ocrx_word' id='word_1_86' title='bbox 260 1125 344 1175; x_wconf 88' lang='lat' dir='ltr'><strong>neque</strong></span> <span class='ocrx_word' id='word_1_87' title='bbox 360 1105 388 1156; x_wconf 88' lang='lat' dir='ltr'><strong>in</strong></span> <span class='ocrx_word' id='word_1_88' title='bbox 406 1105 508 1176; x_wconf 82' lang='lat' dir='ltr'><strong>Dialng.</strong></span> <span class='ocrx_word' id='word_1_89' title='bbox 527 1103 576 1166; x_wconf 88' lang='grc'><strong>14,</strong></span> <span class='ocrx_word' id='word_1_90' title='bbox 595 1101 620 1161; x_wconf 86' lang='grc'><strong>4.</strong></span> <span class='ocrx_word' id='word_1_91' title='bbox 640 1108 684 1160; x_wconf 91' lang='lat' dir='ltr'><strong>nbi</strong></span> <span class='ocrx_word' id='word_1_92' title='bbox 711 1118 741 1160; x_wconf 90' lang='lat' dir='ltr'><strong>at</strong></span> <span class='ocrx_word' id='word_1_93' title='bbox 767 1107 853 1162; x_wconf 83' lang='lat' dir='ltr'><strong>velim</strong></span> <span class='ocrx_word' id='word_1_94' title='bbox 873 1111 1006 1172; x_wconf 86' lang='lat' dir='ltr'><strong>restituit,</strong></span> <span class='ocrx_word' id='word_1_95' title='bbox 1033 1129 1118 1180; x_wconf 79' lang='lat' dir='ltr'><strong>neque</strong></span> <span class='ocrx_word' id='word_1_96' title='bbox 1136 1112 1165 1164; x_wconf 85' lang='lat' dir='ltr'><strong>in</strong></span> 
     </span>
     <span class='ocr_line' id='line_1_11' title="bbox 183 1189 1050 1276; baseline 0 -32"><span class='ocrx_word' id='word_1_97' title='bbox 183 1191 234 1257; x_wconf 76' lang='lat'><strong>25,</strong></span> <span class='ocrx_word' id='word_1_98' title='bbox 252 1189 281 1246; x_wconf 81' lang='grc'><strong>,6.</strong></span> <span class='ocrx_word' id='word_1_99' title='bbox 297 1191 422 1242; x_wconf 88' lang='lat' dir='ltr'><strong>transitus</strong></span> <span class='ocrx_word' id='word_1_100' title='bbox 442 1189 487 1258; x_wconf 83' lang='lat' dir='ltr'><strong>fit,</strong></span> <span class='ocrx_word' id='word_1_101' title='bbox 506 1191 553 1276; x_wconf 62' lang='lat' dir='ltr'><strong>sed</strong></span> <span class='ocrx_word' id='word_1_102' title='bbox 571 1191 689 1246; x_wconf 83' lang='lat' dir='ltr'><strong>diversae</strong></span> <span class='ocrx_word' id='word_1_103' title='bbox 704 1195 849 1246; x_wconf 83' lang='lat' dir='ltr'><strong>sententiae</strong></span> <span class='ocrx_word' id='word_1_104' title='bbox 874 1205 1050 1264; x_wconf 85' lang='lat' dir='ltr'><strong>opponuntur.</strong></span> 
     </span>
    </p>
   </div>
   <div class='ocr_carea' id='block_1_3' title="bbox 106 1283 1264 1810">
    <p class='ocr_par' dir='ltr' id='par_1_5' title="bbox 106 1283 1264 1810">
     <span class='ocr_line' id='line_1_12' title="bbox 106 1283 1225 1384; baseline 0.003 -26"><span class='ocrx_word' id='word_1_105' title='bbox 106 1283 110 1304; x_wconf 87' lang='grc'><strong>’</strong></span> <span class='ocrx_word' id='word_1_106' title='bbox 199 1295 232 1359; x_wconf 88' lang='grc'><strong>4.</strong></span> <span class='ocrx_word' id='word_1_107' title='bbox 260 1295 377 1358; x_wconf 85' lang='lat' dir='ltr'><strong>Poetae</strong></span> <span class='ocrx_word' id='word_1_108' title='bbox 399 1293 549 1358; x_wconf 88' lang='lat' dir='ltr'><strong>eamdem</strong></span> <span class='ocrx_word' id='word_1_109' title='bbox 574 1293 618 1358; x_wconf 91' lang='lat' dir='ltr'><strong>ob</strong></span> <span class='ocrx_word' id='word_1_110' title='bbox 642 1317 790 1362; x_wconf 77' lang='lat' dir='ltr'><strong>caussam</strong></span> <span class='ocrx_word' id='word_1_111' title='bbox 813 1308 950 1366; x_wconf 83' lang='lat' dir='ltr'><strong>utuntur</strong></span> <span class='ocrx_word' id='word_1_112' title='bbox 972 1297 1034 1362; x_wconf 89' lang='lat' dir='ltr'><strong>hac</strong></span> <span class='ocrx_word' id='word_1_113' title='bbox 1057 1297 1164 1384; x_wconf 85' lang='lat' dir='ltr'><strong>parti·</strong></span> <span class='ocrx_word' id='word_1_114' title='bbox 1222 1361 1225 1368; x_wconf 36' lang='grc'><strong>,</strong></span> 
     </span>
     <span class='ocr_line' id='line_1_13' title="bbox 114 1379 1221 1472; baseline 0.002 -26"><span class='ocrx_word' id='word_1_115' title='bbox 114 1379 189 1446; x_wconf 87' lang='lat' dir='ltr'><strong>cula</strong></span> <span class='ocrx_word' id='word_1_116' title='bbox 207 1379 241 1450; x_wconf 87' lang='lat' dir='ltr'><strong>in</strong></span> <span class='ocrx_word' id='word_1_117' title='bbox 260 1380 399 1444; x_wconf 84' lang='lat' dir='ltr'><strong>transitu</strong></span> <span class='ocrx_word' id='word_1_118' title='bbox 421 1379 461 1442; x_wconf 88' lang='lat' dir='ltr'><strong>ad</strong></span> <span class='ocrx_word' id='word_1_119' title='bbox 479 1380 575 1444; x_wconf 88' lang='lat' dir='ltr'><strong>aliam</strong></span> <span class='ocrx_word' id='word_1_120' title='bbox 597 1403 669 1446; x_wconf 87' lang='lat' dir='ltr'><strong>rem</strong></span> <span class='ocrx_word' id='word_1_121' title='bbox 700 1383 934 1472; x_wconf 80' lang='lat' dir='ltr'><strong>conspicuam,</strong></span> <span class='ocrx_word' id='word_1_122' title='bbox 959 1394 1000 1451; x_wconf 73' lang='lat' dir='ltr'><strong>‚ut</strong></span> <span class='ocrx_word' id='word_1_123' title='bbox 1019 1406 1090 1448; x_wconf 91' lang='lat' dir='ltr'><strong>rem</strong></span> <span class='ocrx_word' id='word_1_124' title='bbox 1109 1381 1164 1447; x_wconf 69' lang='lat' dir='ltr'><strong>ccl</strong></span> <span class='ocrx_word' id='word_1_125' title='bbox 1215 1381 1221 1394; x_wconf 50' lang='lat'>⁸</span> 
     </span>
     <span class='ocr_line' id='line_1_14' title="bbox 112 1464 1163 1556; baseline 0.002 -26"><span class='ocrx_word' id='word_1_126' title='bbox 112 1487 282 1552; x_wconf 82' lang='lat' dir='ltr'><strong>magnam,</strong></span> <span class='ocrx_word' id='word_1_127' title='bbox 303 1465 355 1534; x_wconf 77' lang='lat' dir='ltr'><strong>rel</strong></span> <span class='ocrx_word' id='word_1_128' title='bbox 369 1464 607 1545; x_wconf 80' lang='lat' dir='ltr'><strong>admirabilem,</strong></span> <span class='ocrx_word' id='word_1_129' title='bbox 632 1467 682 1532; x_wconf 79' lang='lat' dir='ltr'><strong>v&#39;cl</strong></span> <span class='ocrx_word' id='word_1_130' title='bbox 702 1469 811 1555; x_wconf 87' lang='lat' dir='ltr'><strong>aliquo</strong></span> <span class='ocrx_word' id='word_1_131' title='bbox 832 1469 934 1534; x_wconf 89' lang='lat' dir='ltr'><strong>modo</strong></span> <span class='ocrx_word' id='word_1_132' title='bbox 956 1465 1163 1556; x_wconf 84' lang='lat' dir='ltr'><strong>distinguen-</strong></span> 
     </span>
     <span class='ocr_line' id='line_1_15' title="bbox 115 1547 1264 1640; baseline 0.002 -24"><span class='ocrx_word' id='word_1_133' title='bbox 115 1553 193 1616; x_wconf 85' lang='lat' dir='ltr'><strong>dam</strong></span> <span class='ocrx_word' id='word_1_134' title='bbox 211 1547 464 1632; x_wconf 75' lang='lat' dir='ltr'><strong>diicrsccolcre</strong></span> <span class='ocrx_word' id='word_1_135' title='bbox 479 1550 544 1614; x_wconf 91' lang='lat' dir='ltr'><strong>desi</strong></span> <span class='ocrx_word' id='word_1_136' title='bbox 568 1563 665 1616; x_wconf 84' lang='lat' dir='ltr'><strong>nent:</strong></span> <span class='ocrx_word' id='word_1_137' title='bbox 694 1555 727 1618; x_wconf 91' lang='lat' dir='ltr'><strong>id</strong></span> <span class='ocrx_word' id='word_1_138' title='bbox 738 1555 866 1640; x_wconf 88' lang='lat' dir='ltr'><strong>quodin</strong></span> <span class='ocrx_word' id='word_1_139' title='bbox 878 1555 1006 1640; x_wconf 84' lang='lat' dir='ltr'><strong>pictura</strong></span> <span class='ocrx_word' id='word_1_140' title='bbox 1022 1554 1163 1640; x_wconf 85' lang='lat' dir='ltr'><strong>proprie</strong></span> <span class='ocrx_word' id='word_1_141' title='bbox 1261 1601 1264 1608; x_wconf 54' lang='grc'><strong>.</strong></span> 
     </span>
     <span class='ocr_line' id='line_1_16' title="bbox 114 1574 1239 1728; baseline 0 -26"><span class='ocrx_word' id='word_1_142' title='bbox 114 1637 301 1724; x_wconf 88' lang='lat' dir='ltr'><strong>appellatur</strong></span> <span class='ocrx_word' id='word_1_143' title='bbox 320 1638 487 1702; x_wconf 85' lang='lat' dir='ltr'><strong>transitus.</strong></span> <span class='ocrx_word' id='word_1_144' title='bbox 538 1574 616 1716; x_wconf 55' lang='lat' dir='ltr'><strong>(iun</strong></span> <span class='ocrx_word' id='word_1_145' title='bbox 638 1638 674 1702; x_wconf 92' lang='lat' dir='ltr'><strong>in</strong></span> <span class='ocrx_word' id='word_1_146' title='bbox 696 1660 759 1704; x_wconf 87' lang='lat' dir='ltr'><strong>usu</strong></span> <span class='ocrx_word' id='word_1_147' title='bbox 778 1638 940 1728; x_wconf 88' lang='lat' dir='ltr'><strong>particula</strong></span> <span class='ocrx_word' id='word_1_148' title='bbox 970 1639 1039 1704; x_wconf 87' lang='lat' dir='ltr'><strong>vim</strong></span> <span class='ocrx_word' id='word_1_149' title='bbox 1062 1638 1162 1716; x_wconf 79' lang='lat' dir='ltr'><strong>habet</strong></span> <span class='ocrx_word' id='word_1_150' title='bbox 1191 1647 1194 1655; x_wconf 72' lang='grc'><em>’</em></span> <span class='ocrx_word' id='word_1_151' title='bbox 1236 1632 1239 1640; x_wconf 76' lang='grc'><em>’</em></span> 
     </span>
     <span class='ocr_line' id='line_1_17' title="bbox 111 1723 788 1810; baseline 0 -23"><span class='ocrx_word' id='word_1_152' title='bbox 111 1723 382 1803; x_wconf 84' lang='lat' dir='ltr'><strong>monstrativam,</strong></span> <span class='ocrx_word' id='word_1_153' title='bbox 406 1732 442 1784; x_wconf 91' lang='lat' dir='ltr'><strong>ut</strong></span> <span class='ocrx_word' id='word_1_154' title='bbox 462 1743 614 1810; x_wconf 85' lang='lat' dir='ltr'><strong>graccum</strong></span> <span class='ocrx_word' id='word_1_155' title='bbox 630 1725 669 1788; x_wconf 80' lang='grc' dir='ltr'><strong>δέ.</strong></span> <span class='ocrx_word' id='word_1_156' title='bbox 781 1757 788 1764; x_wconf 92' lang='grc'><strong>-</strong></span> 
     </span>
    </p>
   </div>
   <div class='ocr_carea' id='block_1_4' title="bbox 177 1839 1225 2164">
    <p class='ocr_par' dir='ltr' id='par_1_6' title="bbox 180 1839 1225 1997">
     <span class='ocr_line' id='line_1_18' title="bbox 218 1839 1225 1920; baseline -0.001 -26"><span class='ocrx_word' id='word_1_157' title='bbox 218 1841 316 1894; x_wconf 83' lang='lat' dir='ltr'><strong>Tibatt</strong></span> <span class='ocrx_word' id='word_1_158' title='bbox 336 1842 369 1907; x_wconf 91' lang='grc'><strong>2,</strong></span> <span class='ocrx_word' id='word_1_159' title='bbox 385 1840 418 1905; x_wconf 84' lang='grc'><strong>5,</strong></span> <span class='ocrx_word' id='word_1_160' title='bbox 435 1839 479 1894; x_wconf 83' lang='grc'><strong>83.</strong></span> <span class='ocrx_word' id='word_1_161' title='bbox 496 1852 528 1894; x_wconf 86' lang='lat' dir='ltr'><strong>at</strong></span> <span class='ocrx_word' id='word_1_162' title='bbox 545 1861 599 1912; x_wconf 71' lang='lat' dir='ltr'><strong>aaa</strong></span> <span class='ocrx_word' id='word_1_163' title='bbox 623 1841 830 1918; x_wconf 81' lang='lat' dir='ltr'><strong>Velabri·regio</strong></span> <span class='ocrx_word' id='word_1_164' title='bbox 848 1855 930 1917; x_wconf 83' lang='lat' dir='ltr'><strong>patet</strong></span> <span class='ocrx_word' id='word_1_165' title='bbox 949 1852 999 1896; x_wconf 85' lang='lat' dir='ltr'><strong>etc.</strong></span> <span class='ocrx_word' id='word_1_166' title='bbox 1020 1845 1085 1894; x_wconf 78' lang='lat' dir='ltr'><strong>Stat.</strong></span> <span class='ocrx_word' id='word_1_167' title='bbox 1098 1842 1162 1904; x_wconf 65' lang='lat' dir='ltr'><strong>stis,</strong></span> <span class='ocrx_word' id='word_1_168' title='bbox 1223 1907 1225 1920; x_wconf 28' lang='grc' dir='ltr'><strong>μ</strong></span> 
     </span>
     <span class='ocr_line' id='line_1_19' title="bbox 180 1923 781 1997; baseline 0 -19"><span class='ocrx_word' id='word_1_169' title='bbox 180 1927 216 1992; x_wconf 81' lang='lat' dir='ltr'><strong>t,</strong></span> <span class='ocrx_word' id='word_1_170' title='bbox 234 1925 267 1989; x_wconf 90' lang='lat'><strong>1,</strong></span> <span class='ocrx_word' id='word_1_171' title='bbox 284 1923 327 1978; x_wconf 83' lang='grc'><strong>46.</strong></span> <span class='ocrx_word' id='word_1_172' title='bbox 344 1936 381 1978; x_wconf 88' lang='lat' dir='ltr'><strong>at·</strong></span> <span class='ocrx_word' id='word_1_173' title='bbox 393 1931 507 1997; x_wconf 82' lang='lat' dir='ltr'><strong>sonipes</strong></span> <span class='ocrx_word' id='word_1_174' title='bbox 526 1938 578 1980; x_wconf 86' lang='lat' dir='ltr'><strong>etc.</strong></span> <span class='ocrx_word' id='word_1_175' title='bbox 593 1928 637 1980; x_wconf 86' lang='lat' dir='ltr'><strong>abi</strong></span> <span class='ocrx_word' id='word_1_176' title='bbox 651 1929 703 1981; x_wconf 87' lang='lat' dir='ltr'><strong>vid.</strong></span> <span class='ocrx_word' id='word_1_177' title='bbox 725 1939 781 1982; x_wconf 89' lang='lat' dir='ltr'><strong>not.</strong></span> 
     </span>
    </p>

    <p class='ocr_par' dir='ltr' id='par_1_7' title="bbox 177 2005 1161 2164">
     <span class='ocr_line' id='line_1_20' title="bbox 226 2005 1161 2084; baseline 0 -22"><span class='ocrx_word' id='word_1_178' title='bbox 226 2011 285 2078; x_wconf 82' lang='lat' dir='ltr'><strong>Val.</strong></span> <span class='ocrx_word' id='word_1_179' title='bbox 305 2012 392 2062; x_wconf 84' lang='lat' dir='ltr'><strong>Flacc.</strong></span> <span class='ocrx_word' id='word_1_180' title='bbox 409 2009 442 2075; x_wconf 76' lang='grc' dir='ltr'><strong>δ’,</strong></span> <span class='ocrx_word' id='word_1_181' title='bbox 461 2012 521 2066; x_wconf 85' lang='grc'><strong>252.</strong></span> <span class='ocrx_word' id='word_1_182' title='bbox 543 2031 609 2068; x_wconf 76' lang='lat' dir='ltr'><strong>moa</strong></span> <span class='ocrx_word' id='word_1_183' title='bbox 625 2013 725 2084; x_wconf 81' lang='lat' dir='ltr'><strong>epulas</strong></span> <span class='ocrx_word' id='word_1_184' title='bbox 746 2025 774 2067; x_wconf 87' lang='lat' dir='ltr'><strong>et</strong></span> <span class='ocrx_word' id='word_1_185' title='bbox 797 2005 1011 2082; x_wconf 69' lang='lat' dir='ltr'><strong>sacra&#39;paraat.</strong></span> <span class='ocrx_word' id='word_1_186' title='bbox 1028 2036 1063 2051; x_wconf 91' lang='lat'><strong>·-</strong></span> <span class='ocrx_word' id='word_1_187' title='bbox 1087 2008 1161 2064; x_wconf 79' lang='lat' dir='ltr'><strong>Gra·</strong></span> 
     </span>
     <span class='ocr_line' id='line_1_21' title="bbox 177 2094 720 2164; baseline -0.004 -14"><span class='ocrx_word' id='word_1_188' title='bbox 177 2095 279 2164; x_wconf 66' lang='lat' dir='ltr'><strong>mincis</strong></span> <span class='ocrx_word' id='word_1_189' title='bbox 296 2105 340 2148; x_wconf 83' lang='lat' dir='ltr'><strong>ast</strong></span> <span class='ocrx_word' id='word_1_190' title='bbox 359 2094 423 2150; x_wconf 77' lang='lat' dir='ltr'><strong>inde</strong></span> <span class='ocrx_word' id='word_1_191' title='bbox 444 2101 514 2150; x_wconf 85' lang='lat' dir='ltr'><strong>toris</strong></span> <span class='ocrx_word' id='word_1_192' title='bbox 534 2096 720 2151; x_wconf 79' lang='lat' dir='ltr'><strong>discumbitur.</strong></span> 
     </span>
    </p>
   </div>
   <div class='ocr_carea' id='block_1_5' title="bbox 109 2195 1161 2712">
    <p class='ocr_par' dir='ltr' id='par_1_8' title="bbox 109 2195 1161 2712">
     <span class='ocr_line' id='line_1_22' title="bbox 197 2195 1160 2286; baseline 0.001 -27"><span class='ocrx_word' id='word_1_193' title='bbox 197 2196 229 2260; x_wconf 83' lang='lat'><strong>6.</strong></span> <span class='ocrx_word' id='word_1_194' title='bbox 260 2195 331 2260; x_wconf 90' lang='lat' dir='ltr'><strong>Hoc</strong></span> <span class='ocrx_word' id='word_1_195' title='bbox 349 2207 459 2262; x_wconf 88' lang='lat' dir='ltr'><strong>antem</strong></span> <span class='ocrx_word' id='word_1_196' title='bbox 475 2221 514 2262; x_wconf 85' lang='lat' dir='ltr'><strong>ex</strong></span> <span class='ocrx_word' id='word_1_197' title='bbox 531 2199 639 2286; x_wconf 86' lang='lat' dir='ltr'><strong>aliqua</strong></span> <span class='ocrx_word' id='word_1_198' title='bbox 662 2211 755 2286; x_wconf 83' lang='lat' dir='ltr'><strong>parta</strong></span> <span class='ocrx_word' id='word_1_199' title='bbox 771 2200 812 2264; x_wconf 89' lang='lat' dir='ltr'><strong>ad</strong></span> <span class='ocrx_word' id='word_1_200' title='bbox 830 2200 998 2285; x_wconf 86' lang='lat' dir='ltr'><strong>prosaicos</strong></span> <span class='ocrx_word' id='word_1_201' title='bbox 1013 2197 1160 2284; x_wconf 85' lang='lat' dir='ltr'><strong>scripto·</strong></span> 
     </span>
     <span class='ocr_line' id='line_1_23' title="bbox 110 2278 1159 2370; baseline -0.001 -23"><span class='ocrx_word' id='word_1_202' title='bbox 110 2303 164 2347; x_wconf 90' lang='lat' dir='ltr'><strong>res</strong></span> <span class='ocrx_word' id='word_1_203' title='bbox 181 2278 251 2345; x_wconf 86' lang='lat' dir='ltr'><strong>fere</strong></span> <span class='ocrx_word' id='word_1_204' title='bbox 272 2304 388 2346; x_wconf 89' lang='lat' dir='ltr'><strong>omnes</strong></span> <span class='ocrx_word' id='word_1_205' title='bbox 410 2285 573 2369; x_wconf 82' lang='lat' dir='ltr'><strong>pertinet,</strong></span> <span class='ocrx_word' id='word_1_206' title='bbox 604 2286 717 2370; x_wconf 90' lang='lat' dir='ltr'><strong>quiin</strong></span> <span class='ocrx_word' id='word_1_207' title='bbox 747 2285 795 2348; x_wconf 89' lang='lat' dir='ltr'><strong>dis</strong></span> <span class='ocrx_word' id='word_1_208' title='bbox 823 2284 960 2348; x_wconf 88' lang='lat' dir='ltr'><strong>nnendis</strong></span> <span class='ocrx_word' id='word_1_209' title='bbox 986 2293 1018 2346; x_wconf 88' lang='lat' dir='ltr'><strong>et</strong></span> <span class='ocrx_word' id='word_1_210' title='bbox 1041 2282 1159 2346; x_wconf 89' lang='lat' dir='ltr'><strong>distin·</strong></span> 
     </span>
     <span class='ocr_line' id='line_1_24' title="bbox 109 2307 819 2466; baseline 0.006 -38"><span class='ocrx_word' id='word_1_211' title='bbox 109 2365 248 2466; x_wconf 74' lang='lat' dir='ltr'><strong>guendis</strong></span> <span class='ocrx_word' id='word_1_212' title='bbox 265 2367 362 2431; x_wconf 88' lang='lat' dir='ltr'><strong>rebus</strong></span> <span class='ocrx_word' id='word_1_213' title='bbox 377 2367 441 2432; x_wconf 91' lang='lat' dir='ltr'><strong>hoc</strong></span> <span class='ocrx_word' id='word_1_214' title='bbox 463 2365 657 2452; x_wconf 82' lang='lat' dir='ltr'><strong>vocabulum</strong></span> <span class='ocrx_word' id='word_1_215' title='bbox 677 2307 819 2434; x_wconf 73' lang='lat' dir='ltr'><strong>adhibei</strong></span> 
     </span>
     <span class='ocr_line' id='line_1_25' title="bbox 109 2451 1161 2543; baseline -0.002 -26"><span class='ocrx_word' id='word_1_216' title='bbox 109 2453 241 2517; x_wconf 75' lang='lat' dir='ltr'><strong>illarum</strong></span> <span class='ocrx_word' id='word_1_217' title='bbox 264 2475 377 2518; x_wconf 86' lang='lat' dir='ltr'><strong>rernm</strong></span> <span class='ocrx_word' id='word_1_218' title='bbox 409 2452 584 2528; x_wconf 86' lang='lat' dir='ltr'><strong>discrimen</strong></span> <span class='ocrx_word' id='word_1_219' title='bbox 609 2451 831 2543; x_wconf 78' lang='lat' dir='ltr'><strong>generumque</strong></span> <span class='ocrx_word' id='word_1_220' title='bbox 860 2453 1030 2519; x_wconf 83' lang='lat' dir='ltr'><strong>diversitas</strong></span> <span class='ocrx_word' id='word_1_221' title='bbox 1054 2453 1161 2540; x_wconf 87' lang='lat' dir='ltr'><strong>magis</strong></span> 
     </span>
     <span class='ocr_line' id='line_1_26' title="bbox 109 2540 1161 2628; baseline -0.002 -24"><span class='ocrx_word' id='word_1_222' title='bbox 109 2549 300 2624; x_wconf 86' lang='lat' dir='ltr'><strong>appareret,</strong></span> <span class='ocrx_word' id='word_1_223' title='bbox 321 2550 453 2627; x_wconf 84' lang='lat' dir='ltr'><strong>atquae</strong></span> <span class='ocrx_word' id='word_1_224' title='bbox 474 2552 549 2604; x_wconf 85' lang='lat' dir='ltr'><strong>cum</strong></span> <span class='ocrx_word' id='word_1_225' title='bbox 568 2540 638 2608; x_wconf 89' lang='lat' dir='ltr'><strong>aliis</strong></span> <span class='ocrx_word' id='word_1_226' title='bbox 653 2540 814 2608; x_wconf 84' lang='lat' dir='ltr'><strong>conlundi</strong></span> <span class='ocrx_word' id='word_1_227' title='bbox 831 2551 986 2628; x_wconf 89' lang='lat' dir='ltr'><strong>possent,</strong></span> <span class='ocrx_word' id='word_1_228' title='bbox 1008 2558 1161 2610; x_wconf 84' lang='lat' dir='ltr'><strong>seorsum</strong></span> 
     </span>
     <span class='ocr_line' id='line_1_27' title="bbox 109 2623 1160 2712; baseline 0.008 -24"><span class='ocrx_word' id='word_1_229' title='bbox 109 2645 148 2688; x_wconf 88' lang='lat' dir='ltr'><strong>ac</strong></span> <span class='ocrx_word' id='word_1_230' title='bbox 166 2623 333 2711; x_wconf 83' lang='lat' dir='ltr'><strong>sigillatim</strong></span> <span class='ocrx_word' id='word_1_231' title='bbox 349 2636 586 2712; x_wconf 83' lang='lat' dir='ltr'><strong>spectarentur.</strong></span> <span class='ocrx_word' id='word_1_232' title='bbox 621 2652 626 2660; x_wconf 89' lang='lat'><em>·</em></span> <span class='ocrx_word' id='word_1_233' title='bbox 723 2700 725 2710; x_wconf 61' lang='lat'><strong>.</strong></span> <span class='ocrx_word' id='word_1_234' title='bbox 921 2636 924 2643; x_wconf 87' lang='lat'>&#39;</span> <span class='ocrx_word' id='word_1_235' title='bbox 1157 2657 1160 2662; x_wconf 91' lang='lat'>·</span> 
     </span>
    </p>
   </div>
   <div class='ocr_carea' id='block_1_6' title="bbox 114 2741 1212 3834">
    <p class='ocr_par' dir='ltr' id='par_1_9' title="bbox 174 2741 1212 3408">
     <span class='ocr_line' id='line_1_28' title="bbox 209 2741 1194 2818; baseline -0.001 -23"><span class='ocrx_word' id='word_1_236' title='bbox 209 2743 268 2795; x_wconf 76' lang='lat' dir='ltr'><strong>tie.</strong></span> <span class='ocrx_word' id='word_1_237' title='bbox 287 2745 360 2794; x_wconf 86' lang='lat' dir='ltr'><strong>Orat.</strong></span> <span class='ocrx_word' id='word_1_238' title='bbox 376 2743 410 2794; x_wconf 85' lang='lat'><strong>67</strong></span> <span class='ocrx_word' id='word_1_239' title='bbox 419 2780 427 2808; x_wconf 94' lang='lat'><strong>,</strong></span> <span class='ocrx_word' id='word_1_240' title='bbox 458 2745 519 2798; x_wconf 79' lang='grc'><strong>223.</strong></span> <span class='ocrx_word' id='word_1_241' title='bbox 538 2747 587 2799; x_wconf 85' lang='lat' dir='ltr'><strong>sed</strong></span> <span class='ocrx_word' id='word_1_242' title='bbox 603 2765 673 2818; x_wconf 85' lang='lat' dir='ltr'><strong>qaae</strong></span> <span class='ocrx_word' id='word_1_243' title='bbox 690 2749 814 2807; x_wconf 83' lang='lat' dir='ltr'><strong>incisim,</strong></span> <span class='ocrx_word' id='word_1_244' title='bbox 833 2753 884 2798; x_wconf 80' lang='lat' dir='ltr'><strong>aut</strong></span> <span class='ocrx_word' id='word_1_245' title='bbox 900 2743 1073 2798; x_wconf 79' lang='lat' dir='ltr'><strong>membratim</strong></span> <span class='ocrx_word' id='word_1_246' title='bbox 1090 2741 1157 2815; x_wconf 80' lang='lat' dir='ltr'><strong>effe·</strong></span> <span class='ocrx_word' id='word_1_247' title='bbox 1190 2789 1194 2794; x_wconf 83' lang='grc'><strong>.</strong></span> 
     </span>
     <span class='ocr_line' id='line_1_29' title="bbox 178 2823 1212 2902; baseline 0 -20"><span class='ocrx_word' id='word_1_248' title='bbox 178 2839 283 2889; x_wconf 77' lang='lat' dir='ltr'><strong>rantur,</strong></span> <span class='ocrx_word' id='word_1_249' title='bbox 303 2847 336 2882; x_wconf 88' lang='lat' dir='ltr'><strong>ea</strong></span> <span class='ocrx_word' id='word_1_250' title='bbox 350 2825 397 2880; x_wconf 80' lang='lat' dir='ltr'><strong>vel</strong></span> <span class='ocrx_word' id='word_1_251' title='bbox 412 2830 557 2902; x_wconf 68' lang='lat' dir='ltr'><strong>aptissime</strong></span> <span class='ocrx_word' id='word_1_252' title='bbox 571 2830 668 2884; x_wconf 80' lang='lat' dir='ltr'><strong>cadere</strong></span> <span class='ocrx_word' id='word_1_253' title='bbox 683 2829 802 2883; x_wconf 76' lang='lat' dir='ltr'><strong>debent.-</strong></span> <span class='ocrx_word' id='word_1_254' title='bbox 818 2839 851 2881; x_wconf 84' lang='lat' dir='ltr'><strong>nt</strong></span> <span class='ocrx_word' id='word_1_255' title='bbox 867 2838 909 2882; x_wconf 87' lang='lat' dir='ltr'><strong>est</strong></span> <span class='ocrx_word' id='word_1_256' title='bbox 923 2829 1001 2901; x_wconf 81' lang='lat' dir='ltr'><strong>apud</strong></span> <span class='ocrx_word' id='word_1_257' title='bbox 1020 2847 1082 2882; x_wconf 83' lang='lat' dir='ltr'><strong>mer</strong></span> <span class='ocrx_word' id='word_1_258' title='bbox 1100 2827 1157 2882; x_wconf 85' lang='lat' dir='ltr'><strong>da·</strong></span> <span class='ocrx_word' id='word_1_259' title='bbox 1207 2823 1212 2844; x_wconf 73' lang='lat'><strong>¹</strong></span> 
     </span>
     <span class='ocr_line' id='line_1_30' title="bbox 176 2911 1156 2986; baseline -0.002 -20"><span class='ocrx_word' id='word_1_260' title='bbox 176 2923 320 2966; x_wconf 71' lang='lat' dir='ltr'><strong>anaceto.</strong></span> <span class='ocrx_word' id='word_1_261' title='bbox 358 2913 434 2980; x_wconf 80' lang='lat' dir='ltr'><strong>Haec</strong></span> <span class='ocrx_word' id='word_1_262' title='bbox 452 2914 538 2966; x_wconf 84' lang='lat' dir='ltr'><strong>incise</strong></span> <span class='ocrx_word' id='word_1_263' title='bbox 556 2911 632 2966; x_wconf 80' lang='lat' dir='ltr'><strong>dicta</strong></span> <span class='ocrx_word' id='word_1_264' title='bbox 654 2924 719 2966; x_wconf 84' lang='lat' dir='ltr'><strong>sant</strong></span> <span class='ocrx_word' id='word_1_265' title='bbox 739 2925 868 2986; x_wconf 78' lang='lat' dir='ltr'><strong>quatuor.</strong></span> <span class='ocrx_word' id='word_1_266' title='bbox 909 2916 949 2968; x_wconf 80' lang='lat' dir='ltr'><strong>Ae</strong></span> <span class='ocrx_word' id='word_1_267' title='bbox 975 2911 1156 2978; x_wconf 77' lang='lat' dir='ltr'><strong>membratim,</strong></span> 
     </span>
     <span class='ocr_line' id='line_1_31' title="bbox 174 2995 1190 3070; baseline -0.001 -21"><span class='ocrx_word' id='word_1_268' title='bbox 174 3018 247 3070; x_wconf 82' lang='lat' dir='ltr'><strong>qaae</strong></span> <span class='ocrx_word' id='word_1_269' title='bbox 273 3009 421 3069; x_wconf 72' lang='lat' dir='ltr'><strong>requeratur</strong></span> <span class='ocrx_word' id='word_1_270' title='bbox 438 2996 513 3050; x_wconf 78' lang='lat' dir='ltr'><strong>dno:</strong></span> <span class='ocrx_word' id='word_1_271' title='bbox 540 3001 744 3052; x_wconf 82' lang='lat' dir='ltr'><strong>incurristi</strong></span> <span class='ocrx_word' id='word_1_272' title='bbox 769 3010 819 3053; x_wconf 86' lang='lat' dir='ltr'><strong>etc.</strong></span> <span class='ocrx_word' id='word_1_273' title='bbox 862 2999 936 3052; x_wconf 83' lang='lat' dir='ltr'><strong>Caes.</strong></span> <span class='ocrx_word' id='word_1_274' title='bbox 959 3001 986 3053; x_wconf 83' lang='grc' dir='ltr'><strong>Β.</strong></span> <span class='ocrx_word' id='word_1_275' title='bbox 1005 2997 1055 3050; x_wconf 85' lang='lat' dir='ltr'><strong>cir.</strong></span> <span class='ocrx_word' id='word_1_276' title='bbox 1075 2997 1108 3064; x_wconf 84' lang='grc'><strong>2,</strong></span> <span class='ocrx_word' id='word_1_277' title='bbox 1131 2995 1156 3048; x_wconf 88' lang='grc'><strong>7.</strong></span> <span class='ocrx_word' id='word_1_278' title='bbox 1188 3057 1190 3068; x_wconf 38' lang='grc' dir='ltr'>Ι</span> 
     </span>
     <span class='ocr_line' id='line_1_32' title="bbox 177 3079 1157 3156; baseline -0.002 -22"><span class='ocrx_word' id='word_1_279' title='bbox 177 3103 249 3156; x_wconf 67' lang='lat' dir='ltr'><strong>quiae</strong></span> <span class='ocrx_word' id='word_1_280' title='bbox 266 3101 361 3135; x_wconf 77' lang='lat' dir='ltr'><strong>omnes</strong></span> <span class='ocrx_word' id='word_1_281' title='bbox 383 3083 537 3143; x_wconf 82' lang='lat' dir='ltr'><strong>citeriorem</strong></span> <span class='ocrx_word' id='word_1_282' title='bbox 562 3083 730 3153; x_wconf 80' lang='lat' dir='ltr'><strong>Hispaniam</strong></span> <span class='ocrx_word' id='word_1_283' title='bbox 749 3087 925 3154; x_wconf 73' lang='lat' dir='ltr'><strong>petiverant.⁸</strong></span> <span class='ocrx_word' id='word_1_284' title='bbox 943 3093 974 3135; x_wconf 85' lang='lat' dir='ltr'><strong>at</strong></span> <span class='ocrx_word' id='word_1_285' title='bbox 991 3099 1025 3135; x_wconf 78' lang='lat' dir='ltr'><strong>ex</strong></span> <span class='ocrx_word' id='word_1_286' title='bbox 1043 3079 1157 3152; x_wconf 78' lang='lat' dir='ltr'><strong>reliquis</strong></span> 
     </span>
     <span class='ocr_line' id='line_1_33' title="bbox 175 3165 1158 3240; baseline -0.003 -19"><span class='ocrx_word' id='word_1_287' title='bbox 175 3188 232 3221; x_wconf 83' lang='lat' dir='ltr'><strong>aaa</strong></span> <span class='ocrx_word' id='word_1_288' title='bbox 249 3169 403 3237; x_wconf 83' lang='lat' dir='ltr'><strong>praemissa</strong></span> <span class='ocrx_word' id='word_1_289' title='bbox 423 3167 590 3221; x_wconf 87' lang='lat' dir='ltr'><strong>Massiliam</strong></span> <span class='ocrx_word' id='word_1_290' title='bbox 636 3169 725 3240; x_wconf 70' lang='lat' dir='ltr'><strong>(lelsus</strong></span> <span class='ocrx_word' id='word_1_291' title='bbox 753 3179 891 3238; x_wconf 80' lang='lat' dir='ltr'><strong>postquam</strong></span> <span class='ocrx_word' id='word_1_292' title='bbox 915 3167 1019 3219; x_wconf 81' lang='lat' dir='ltr'><strong>dixerat</strong></span> <span class='ocrx_word' id='word_1_293' title='bbox 1035 3165 1158 3218; x_wconf 79' lang='lat' dir='ltr'><strong>sudorem</strong></span> 
     </span>
     <span class='ocr_line' id='line_1_34' title="bbox 174 3253 1155 3320; baseline 0.001 -16"><span class='ocrx_word' id='word_1_294' title='bbox 174 3254 276 3305; x_wconf 82' lang='lat' dir='ltr'><strong>dnobus</strong></span> <span class='ocrx_word' id='word_1_295' title='bbox 292 3253 377 3305; x_wconf 89' lang='lat' dir='ltr'><strong>modis</strong></span> <span class='ocrx_word' id='word_1_296' title='bbox 396 3253 473 3316; x_wconf 90' lang='lat' dir='ltr'><strong>elici,</strong></span> <span class='ocrx_word' id='word_1_297' title='bbox 497 3264 542 3304; x_wconf 82' lang='lat' dir='ltr'><strong>aut</strong></span> <span class='ocrx_word' id='word_1_298' title='bbox 557 3255 633 3306; x_wconf 87' lang='lat' dir='ltr'><strong>sicco</strong></span> <span class='ocrx_word' id='word_1_299' title='bbox 651 3254 739 3306; x_wconf 82' lang='lat' dir='ltr'><strong>calore</strong></span> <span class='ocrx_word' id='word_1_300' title='bbox 762 3265 807 3306; x_wconf 79' lang='lat' dir='ltr'><strong>aut</strong></span> <span class='ocrx_word' id='word_1_301' title='bbox 827 3254 934 3318; x_wconf 82' lang='lat' dir='ltr'><strong>balneo,</strong></span> <span class='ocrx_word' id='word_1_302' title='bbox 955 3253 1007 3306; x_wconf 85' lang='lat' dir='ltr'><strong>iam</strong></span> <span class='ocrx_word' id='word_1_303' title='bbox 1033 3253 1155 3320; x_wconf 83' lang='lat' dir='ltr'><strong>exposito</strong></span> 
     </span>
     <span class='ocr_line' id='line_1_35' title="bbox 174 3335 1206 3408; baseline -0.003 -17"><span class='ocrx_word' id='word_1_304' title='bbox 174 3340 263 3391; x_wconf 80' lang='lat' dir='ltr'><strong>calore</strong></span> <span class='ocrx_word' id='word_1_305' title='bbox 281 3339 381 3408; x_wconf 80' lang='lat' dir='ltr'><strong>pergit:</strong></span> <span class='ocrx_word' id='word_1_306' title='bbox 400 3349 431 3390; x_wconf 90' lang='lat' dir='ltr'><strong>at</strong></span> <span class='ocrx_word' id='word_1_307' title='bbox 449 3337 543 3392; x_wconf 82' lang='lat' dir='ltr'><strong>balnei</strong></span> <span class='ocrx_word' id='word_1_308' title='bbox 563 3337 670 3406; x_wconf 80' lang='lat' dir='ltr'><strong>duplex</strong></span> <span class='ocrx_word' id='word_1_309' title='bbox 687 3349 823 3393; x_wconf 77' lang='lat' dir='ltr'><strong>nearest.</strong></span> <span class='ocrx_word' id='word_1_310' title='bbox 861 3338 978 3402; x_wconf 88' lang='lat' dir='ltr'><strong>Quinctil</strong></span> <span class='ocrx_word' id='word_1_311' title='bbox 1004 3335 1037 3400; x_wconf 85' lang='grc'><strong>4,</strong></span> <span class='ocrx_word' id='word_1_312' title='bbox 1056 3335 1090 3399; x_wconf 88' lang='grc'><strong>2,</strong></span> <span class='ocrx_word' id='word_1_313' title='bbox 1112 3335 1157 3402; x_wconf 80' lang='lat'><strong>49,</strong></span> <span class='ocrx_word' id='word_1_314' title='bbox 1198 3381 1206 3394; x_wconf 61' lang='grc'><strong>,</strong></span> 
     </span>
    </p>

    <p class='ocr_par' dir='ltr' id='par_1_10' title="bbox 153 3407 1162 3581">
     <span class='ocr_line' id='line_1_36' title="bbox 153 3407 1154 3498; baseline -0.003 -22"><span class='ocrx_word' id='word_1_315' title='bbox 153 3436 207 3480; x_wconf 73' lang='lat' dir='ltr'><strong>,at</strong></span> <span class='ocrx_word' id='word_1_316' title='bbox 223 3425 341 3495; x_wconf 84' lang='lat' dir='ltr'><strong>partitio</strong></span> <span class='ocrx_word' id='word_1_317' title='bbox 361 3407 484 3475; x_wconf 80' lang='lat' dir='ltr'><strong>taedium</strong></span> <span class='ocrx_word' id='word_1_318' title='bbox 505 3421 611 3498; x_wconf 48' lang='lat' dir='ltr'><strong>leona,</strong></span> <span class='ocrx_word' id='word_1_319' title='bbox 624 3423 673 3473; x_wconf 88' lang='lat' dir='ltr'><strong>illa</strong></span> <span class='ocrx_word' id='word_1_320' title='bbox 695 3425 766 3475; x_wconf 88' lang='lat' dir='ltr'><strong>enim</strong></span> <span class='ocrx_word' id='word_1_321' title='bbox 785 3424 894 3492; x_wconf 84' lang='lat' dir='ltr'><strong>partitio</strong></span> <span class='ocrx_word' id='word_1_322' title='bbox 914 3425 985 3476; x_wconf 81' lang='lat' dir='ltr'><strong>aliud</strong></span> <span class='ocrx_word' id='word_1_323' title='bbox 1006 3423 1154 3476; x_wconf 82' lang='lat' dir='ltr'><strong>nominatur</strong></span> 
     </span>
     <span class='ocr_line' id='line_1_37' title="bbox 174 3492 1162 3581; baseline -0.001 -19"><span class='ocrx_word' id='word_1_324' title='bbox 174 3501 256 3581; x_wconf 78' lang='lat' dir='ltr'><strong>genas</strong></span> <span class='ocrx_word' id='word_1_325' title='bbox 275 3510 412 3561; x_wconf 84' lang='lat' dir='ltr'><strong>diversum.</strong></span> <span class='ocrx_word' id='word_1_326' title='bbox 449 3508 517 3560; x_wconf 80' lang='lat' dir='ltr'><strong>conf.</strong></span> <span class='ocrx_word' id='word_1_327' title='bbox 536 3507 569 3572; x_wconf 90' lang='grc'><strong>4,</strong></span> <span class='ocrx_word' id='word_1_328' title='bbox 586 3506 619 3571; x_wconf 82' lang='grc'><strong>2,</strong></span> <span class='ocrx_word' id='word_1_329' title='bbox 641 3504 685 3558; x_wconf 85' lang='grc'><strong>75.</strong></span> <span class='ocrx_word' id='word_1_330' title='bbox 720 3509 808 3560; x_wconf 84' lang='lat' dir='ltr'><strong>Celsus</strong></span> <span class='ocrx_word' id='word_1_331' title='bbox 826 3508 860 3572; x_wconf 89' lang='grc'><strong>2,</strong></span> <span class='ocrx_word' id='word_1_332' title='bbox 877 3507 902 3559; x_wconf 90' lang='grc'><strong>7.</strong></span> <span class='ocrx_word' id='word_1_333' title='bbox 917 3527 943 3577; x_wconf 88' lang='lat' dir='ltr'><strong>p.</strong></span> <span class='ocrx_word' id='word_1_334' title='bbox 961 3507 1003 3560; x_wconf 86' lang='lat'><strong>61.</strong></span> <span class='ocrx_word' id='word_1_335' title='bbox 1020 3492 1162 3561; x_wconf 27' lang='lat' dir='ltr'><strong>nonnam-¹</strong></span> 
     </span>
    </p>

    <p class='ocr_par' dir='ltr' id='par_1_11' title="bbox 114 3590 1153 3834">
     <span class='ocr_line' id='line_1_38' title="bbox 114 3590 1153 3666; baseline -0.001 -19"><span class='ocrx_word' id='word_1_336' title='bbox 114 3601 116 3607; x_wconf 84' lang='grc'>’</span> <span class='ocrx_word' id='word_1_337' title='bbox 174 3613 258 3666; x_wconf 83' lang='lat' dir='ltr'><strong>qaam</strong></span> <span class='ocrx_word' id='word_1_338' title='bbox 276 3595 301 3647; x_wconf 85' lang='lat' dir='ltr'><strong>si</strong></span> <span class='ocrx_word' id='word_1_339' title='bbox 320 3591 672 3662; x_wconf 75' lang='lat' dir='ltr'><strong>digitumadmooeruat,</strong></span> <span class='ocrx_word' id='word_1_340' title='bbox 688 3590 736 3646; x_wconf 82' lang='lat' dir='ltr'><strong>abi</strong></span> <span class='ocrx_word' id='word_1_341' title='bbox 753 3593 861 3646; x_wconf 82' lang='lat' dir='ltr'><strong>vesicae</strong></span> <span class='ocrx_word' id='word_1_342' title='bbox 880 3595 1008 3648; x_wconf 70' lang='lat' dir='ltr'><strong>cervicem</strong></span> <span class='ocrx_word' id='word_1_343' title='bbox 1026 3597 1049 3648; x_wconf 84' lang='lat' dir='ltr'><strong>is</strong></span> <span class='ocrx_word' id='word_1_344' title='bbox 1066 3606 1153 3666; x_wconf 79' lang='lat' dir='ltr'><strong>urget,</strong></span> 
     </span>
     <span class='ocr_line' id='line_1_39' title="bbox 174 3677 1151 3750; baseline -0.002 -18"><span class='ocrx_word' id='word_1_345' title='bbox 174 3677 313 3732; x_wconf 84' lang='lat' dir='ltr'><strong>calculum</strong></span> <span class='ocrx_word' id='word_1_346' title='bbox 331 3681 462 3730; x_wconf 80' lang='lat' dir='ltr'><strong>sentiunt·</strong></span> <span class='ocrx_word' id='word_1_347' title='bbox 498 3679 554 3744; x_wconf 82' lang='lat' dir='ltr'><strong>At,</strong></span> <span class='ocrx_word' id='word_1_348' title='bbox 580 3679 626 3750; x_wconf 81' lang='lat' dir='ltr'><strong>qui</strong></span> <span class='ocrx_word' id='word_1_349' title='bbox 644 3689 817 3748; x_wconf 81' lang='lat' dir='ltr'><strong>spumantem</strong></span> <span class='ocrx_word' id='word_1_350' title='bbox 833 3682 996 3748; x_wconf 80' lang='lat' dir='ltr'><strong>sanguinem</strong></span> <span class='ocrx_word' id='word_1_351' title='bbox 1014 3689 1151 3739; x_wconf 81' lang='lat' dir='ltr'><strong>excreant,</strong></span> 
     </span>
     <span class='ocr_line' id='line_1_40' title="bbox 173 3760 1150 3834; baseline -0.003 -18"><span class='ocrx_word' id='word_1_352' title='bbox 173 3763 217 3818; x_wconf 79' lang='lat' dir='ltr'><strong>tte</strong></span> <span class='ocrx_word' id='word_1_353' title='bbox 236 3768 263 3819; x_wconf 89' lang='lat' dir='ltr'><strong>in</strong></span> <span class='ocrx_word' id='word_1_354' title='bbox 284 3760 417 3834; x_wconf 80' lang='lat' dir='ltr'><strong>pulmone</strong></span> <span class='ocrx_word' id='word_1_355' title='bbox 433 3764 534 3816; x_wconf 85' lang='lat' dir='ltr'><strong>vitium</strong></span> <span class='ocrx_word' id='word_1_356' title='bbox 551 3774 602 3817; x_wconf 87' lang='lat' dir='ltr'><strong>est.</strong></span> <span class='ocrx_word' id='word_1_357' title='bbox 636 3767 676 3814; x_wconf 80' lang='lat' dir='ltr'><strong>Ita</strong></span> <span class='ocrx_word' id='word_1_358' title='bbox 690 3765 840 3834; x_wconf 83' lang='lat' dir='ltr'><strong>saepissime</strong></span> <span class='ocrx_word' id='word_1_359' title='bbox 860 3764 947 3814; x_wconf 85' lang='lat' dir='ltr'><strong>Celsus</strong></span> <span class='ocrx_word' id='word_1_360' title='bbox 965 3763 990 3814; x_wconf 88' lang='lat' dir='ltr'><strong>in</strong></span> <span class='ocrx_word' id='word_1_361' title='bbox 1008 3763 1150 3820; x_wconf 76' lang='lat' dir='ltr'><strong>conteren-</strong></span> 
     </span>
    </p>
   </div>
   <div class='ocr_carea' id='block_1_7' title="bbox 820 2366 1261 2454">
    <p class='ocr_par' dir='ltr' id='par_1_12' title="bbox 820 2366 1261 2454">
     <span class='ocr_line' id='line_1_41' title="bbox 820 2366 1261 2454; baseline -0.007 -22"><span class='ocrx_word' id='word_1_362' title='bbox 820 2379 876 2432; x_wconf 89' lang='lat' dir='ltr'><strong>ant</strong></span> <span class='ocrx_word' id='word_1_363' title='bbox 892 2366 1101 2442; x_wconf 60' lang='lat' dir='ltr'><strong>eo‘aonsilio,</strong></span> <span class='ocrx_word' id='word_1_364' title='bbox 1118 2377 1157 2430; x_wconf 89' lang='lat' dir='ltr'><strong>ut</strong></span> <span class='ocrx_word' id='word_1_365' title='bbox 1256 2439 1261 2454; x_wconf 81' lang='lat'><strong>.</strong></span> 
     </span>
    </p>
   </div>
   <div class='ocr_carea' id='block_1_8' title="bbox 172 3827 1345 3919">
    <p class='ocr_par' dir='ltr' id='par_1_13' title="bbox 172 3827 1345 3919">
     <span class='ocr_line' id='line_1_42' title="bbox 172 3827 1345 3919; baseline -0.013 -17"><span class='ocrx_word' id='word_1_366' title='bbox 172 3839 340 3908; x_wconf 63' lang='lat' dir='ltr'><strong>discessibus</strong></span> <span class='ocrx_word' id='word_1_367' title='bbox 367 3857 399 3912; x_wconf 73' lang='lat' dir='ltr'><strong>at</strong></span> <span class='ocrx_word' id='word_1_368' title='bbox 427 3851 491 3919; x_wconf 75' lang='lat' dir='ltr'><strong>qui,</strong></span> <span class='ocrx_word' id='word_1_369' title='bbox 515 3859 545 3898; x_wconf 90' lang='lat' dir='ltr'><strong>ut</strong></span> <span class='ocrx_word' id='word_1_370' title='bbox 568 3849 599 3908; x_wconf 89' lang='lat'><strong>1,</strong></span> <span class='ocrx_word' id='word_1_371' title='bbox 620 3846 646 3898; x_wconf 89' lang='lat'><strong>8.</strong></span> <span class='ocrx_word' id='word_1_372' title='bbox 674 3851 699 3903; x_wconf 84' lang='lat' dir='ltr'><strong>si</strong></span> <span class='ocrx_word' id='word_1_373' title='bbox 720 3877 753 3891; x_wconf 88' lang='lat'><strong>·-</strong></span> <span class='ocrx_word' id='word_1_374' title='bbox 774 3862 804 3900; x_wconf 86' lang='lat' dir='ltr'><strong>aa</strong></span> <span class='ocrx_word' id='word_1_375' title='bbox 823 3846 858 3910; x_wconf 79' lang='lat'><strong>2,</strong></span> <span class='ocrx_word' id='word_1_376' title='bbox 879 3847 920 3898; x_wconf 86' lang='lat'><strong>10.</strong></span> <span class='ocrx_word' id='word_1_377' title='bbox 939 3865 964 3916; x_wconf 86' lang='lat' dir='ltr'><strong>p.</strong></span> <span class='ocrx_word' id='word_1_378' title='bbox 982 3827 1026 3900; x_wconf 73' lang='grc'><strong>81,1</strong></span> <span class='ocrx_word' id='word_1_379' title='bbox 1059 3846 1092 3911; x_wconf 82' lang='lat'><strong>2,</strong></span> <span class='ocrx_word' id='word_1_380' title='bbox 1110 3844 1152 3899; x_wconf 82' lang='grc'><strong>15.</strong></span> <span class='ocrx_word' id='word_1_381' title='bbox 1237 3861 1244 3875; x_wconf 48' lang='lat' dir='ltr'>x</span> <span class='ocrx_word' id='word_1_382' title='bbox 1338 3827 1345 3882; x_wconf 68' lang='lat'><strong>.‘</strong></span> 
     </span>
    </p>
   </div>
   <div class='ocr_carea' id='block_1_9' title="bbox 88 3931 1178 4187">
    <p class='ocr_par' dir='ltr' id='par_1_14' title="bbox 88 3931 1178 4187">
     <span class='ocr_line' id='line_1_43' title="bbox 170 3931 1151 4011; baseline -0.002 -25"><span class='ocrx_word' id='word_1_383' title='bbox 170 3955 196 4005; x_wconf 86' lang='lat' dir='ltr'><strong>p.</strong></span> <span class='ocrx_word' id='word_1_384' title='bbox 211 3933 254 3988; x_wconf 83' lang='grc'><strong>91.</strong></span> <span class='ocrx_word' id='word_1_385' title='bbox 272 3946 298 3988; x_wconf 86' lang='lat' dir='ltr'><strong>et</strong></span> <span class='ocrx_word' id='word_1_386' title='bbox 316 3935 340 3988; x_wconf 82' lang='lat' dir='ltr'><strong>si</strong></span> <span class='ocrx_word' id='word_1_387' title='bbox 357 3961 387 3974; x_wconf 89' lang='grc'><strong>-</strong></span> <span class='ocrx_word' id='word_1_388' title='bbox 406 3942 438 3986; x_wconf 85' lang='lat' dir='ltr'><strong>at</strong></span> <span class='ocrx_word' id='word_1_389' title='bbox 455 3935 489 3995; x_wconf 83' lang='lat' dir='ltr'><strong>si,</strong></span> <span class='ocrx_word' id='word_1_390' title='bbox 504 3943 534 3983; x_wconf 88' lang='lat' dir='ltr'><strong>ut</strong></span> <span class='ocrx_word' id='word_1_391' title='bbox 550 3931 584 3997; x_wconf 78' lang='grc'><strong>2,</strong></span> <span class='ocrx_word' id='word_1_392' title='bbox 601 3932 642 3985; x_wconf 92' lang='lat'><strong>10.</strong></span> <span class='ocrx_word' id='word_1_393' title='bbox 661 3951 689 4002; x_wconf 87' lang='lat' dir='ltr'><strong>p.</strong></span> <span class='ocrx_word' id='word_1_394' title='bbox 705 3931 750 3989; x_wconf 85' lang='lat'><strong>78.</strong></span> <span class='ocrx_word' id='word_1_395' title='bbox 767 3932 809 3986; x_wconf 80' lang='lat' dir='ltr'><strong>vel</strong></span> <span class='ocrx_word' id='word_1_396' title='bbox 819 3932 974 4002; x_wconf 83' lang='lat' dir='ltr'><strong>simpliciter</strong></span> <span class='ocrx_word' id='word_1_397' title='bbox 989 3943 1027 4011; x_wconf 83' lang='lat' dir='ltr'><strong>at</strong></span> <span class='ocrx_word' id='word_1_398' title='bbox 1045 3935 1077 3996; x_wconf 87' lang='lat' dir='ltr'><strong>si,</strong></span> <span class='ocrx_word' id='word_1_399' title='bbox 1095 3933 1151 3984; x_wconf 80' lang='lat' dir='ltr'><strong>leta</strong></span> 
     </span>
     <span class='ocr_line' id='line_1_44' title="bbox 148 4015 1178 4094; baseline -0.003 -24"><span class='ocrx_word' id='word_1_400' title='bbox 148 4045 152 4050; x_wconf 92' lang='lat'>·</span> <span class='ocrx_word' id='word_1_401' title='bbox 174 4037 334 4089; x_wconf 83' lang='lat' dir='ltr'><strong>quacumque</strong></span> <span class='ocrx_word' id='word_1_402' title='bbox 351 4020 380 4072; x_wconf 91' lang='lat' dir='ltr'><strong>in</strong></span> <span class='ocrx_word' id='word_1_403' title='bbox 394 4019 499 4088; x_wconf 77' lang='lat' dir='ltr'><strong>pagina·</strong></span> <span class='ocrx_word' id='word_1_404' title='bbox 528 4021 635 4072; x_wconf 78' lang='lat' dir='ltr'><strong>Sueten.</strong></span> <span class='ocrx_word' id='word_1_405' title='bbox 651 4021 727 4070; x_wconf 86' lang='lat' dir='ltr'><strong>Dom.</strong></span> <span class='ocrx_word' id='word_1_406' title='bbox 744 4017 769 4072; x_wconf 77' lang='grc'><strong>4,</strong></span> <span class='ocrx_word' id='word_1_407' title='bbox 787 4017 949 4091; x_wconf 83' lang='lat' dir='ltr'><strong>spectacula</strong></span> <span class='ocrx_word' id='word_1_408' title='bbox 966 4015 1078 4094; x_wconf 80' lang='lat' dir='ltr'><strong>assidue</strong></span> <span class='ocrx_word' id='word_1_409' title='bbox 1095 4033 1152 4068; x_wconf 89' lang='lat' dir='ltr'><strong>ma·</strong></span> <span class='ocrx_word' id='word_1_410' title='bbox 1167 4043 1178 4055; x_wconf 51' lang='grc' dir='ltr'><strong>-ι</strong></span> 
     </span>
     <span class='ocr_line' id='line_1_45' title="bbox 88 4097 1150 4187; baseline -0.003 -32"><span class='ocrx_word' id='word_1_411' title='bbox 88 4129 95 4142; x_wconf 84' lang='grc'><em>·</em></span> <span class='ocrx_word' id='word_1_412' title='bbox 174 4097 286 4174; x_wconf 74' lang='lat' dir='ltr'><strong>gnifica</strong></span> <span class='ocrx_word' id='word_1_413' title='bbox 308 4113 336 4170; x_wconf 85' lang='lat' dir='ltr'><strong>et</strong></span> <span class='ocrx_word' id='word_1_414' title='bbox 360 4115 524 4170; x_wconf 70' lang='lat' dir='ltr'><strong>samatnosa</strong></span> <span class='ocrx_word' id='word_1_415' title='bbox 551 4101 658 4178; x_wconf 78' lang='lat' dir='ltr'><strong>edidit,</strong></span> <span class='ocrx_word' id='word_1_416' title='bbox 685 4121 741 4157; x_wconf 83' lang='lat' dir='ltr'><strong>non</strong></span> <span class='ocrx_word' id='word_1_417' title='bbox 769 4106 799 4158; x_wconf 79' lang='lat' dir='ltr'><strong>ira</strong></span> <span class='ocrx_word' id='word_1_418' title='bbox 824 4101 1039 4187; x_wconf 76' lang='lat' dir='ltr'><strong>Anapisitlteatrc</strong></span> <span class='ocrx_word' id='word_1_419' title='bbox 1057 4099 1150 4168; x_wconf 83' lang='lat' dir='ltr'><strong>mado,</strong></span> 
     </span>
    </p>
   </div>
   <div class='ocr_carea' id='block_1_10' title="bbox 0 0 1368 4746">
    <p class='ocr_par' dir='ltr' id='par_1_15' title="bbox 0 0 1368 4746">
     <span class='ocr_line' id='line_1_46' title="bbox 0 0 1368 4746; baseline 0 5"><span class='ocrx_word' id='word_1_420' title='bbox 0 0 1368 4746; x_wconf 95' lang='lat' dir='ltr'><strong> </strong></span> 
     </span>
    </p>
   </div>
  </div>
 </body>
</html>
