2726 4746
229 321 321 423 tn
426 355 430 364 ¹
642 348 737 416 ssu.
781 347 888 420 rr..

229 505 457 592 iuterrogatio.
498 501 624 568 Abbir
653 514 766 571 ,autem
796 501 971 600 differunt,
999 500 1036 564 in
1062 497 1185 608 quibus
1216 519 1284 566 unu

89 605 99 624 ⁸
144 600 182 653 Ἄ
231 598 392 662 sententio
411 603 585 676 utrumque
600 590 796 679 perticulam
814 597 972 654 continet.
1072 623 1075 628 -
1354 601 1355 612 ¹

337 717 392 768 Cic.
411 713 445 764 ud
461 714 533 762 Fam.
550 708 585 774 4,
602 677 641 775 9}
655 708 680 761 5.
698 721 729 762 at
754 707 806 762 tibi
833 706 1063 778 ipsidirenrium
1083 710 1135 760 erit
1158 705 1280 779 aliquid,

301 799 376 872 quod
404 816 460 851 non
481 800 601 860 senties,
621 808 670 848 aut
692 791 876 865 faciendum,
905 792 982 864 quod
1000 810 1057 845 non
1073 789 1185 862 prober.
1226 793 1284 844 Pri·

300 902 377 941 nrum
393 887 514 951 tempori
541 880 651 944 cedere,
678 881 708 933 ie
722 891 781 942 est,
799 879 958 932 necessitati
985 895 1083 946 parere
1111 894 1222 946 senrper
1241 895 1283 929 sa·

230 1028 234 1041 ⁸
299 971 403 1040 pientis
430 979 472 1020 est
497 964 632 1021 habiturn.
666 967 723 1018 Nos
749 966 894 1016 diceremus
918 955 1036 1032 sreiiicir
1055 981 1091 1000 ·-·
1111 957 1189 1014 aber.
1234 964 1284 1013 Per

205 1097 208 1108 ,
302 1065 333 1108 nt
352 1054 421 1105 enim
438 1052 557 1102 iniicitur
577 1050 809 1115 nova-dubitatio,
825 1063 1032 1119 quaeuoucessu
1046 1046 1206 1113 infringitur
1225 1047 1284 1097 aliis

299 1135 471 1206 argumentis.
501 1135 533 1186 sie
550 1137 654 1187 Senect·
674 1134 717 1198 19,
737 1127 780 1186 68.
799 1137 872 1188 sensi
890 1150 943 1204 ego
961 1159 993 1172 -
1009 1135 1086 1185 omni
1105 1134 1197 1184 aetati
1213 1149 1283 1184 mor-

301 1236 356 1278 tem
375 1239 432 1276 esse
452 1235 629 1272 communem.
660 1219 701 1271 At
718 1227 813 1287 sperat
833 1213 995 1272 adolescens
1011 1216 1059 1268 dia
1077 1232 1107 1268 se
1124 1219 1283 1270 victurum.-

297 1308 374 1382 quod
393 1321 503 1376 sperare
519 1303 594 1357 idem
612 1321 695 1356 senex
715 1320 771 1356 non
794 1313 898 1374 potest.
937 1304 1104 1374 insipienter
1121 1311 1228 1371 sperat.

332 1413 387 1462 Cic.
404 1399 598 1471 Purud.'5‚,2,
618 1402 661 1459 36.
679 1410 743 1476 pari
766 1406 898 1460 stultitia
915 1415 981 1460 sunt
1009 1422 1078 1476 qnos
1096 1408 1189 1474 signa,
1212 1424 1282 1476 quos

301 1494 433 1558 tabulae,
452 1509 521 1564 quos
537 1490 677 1562 ¹corinthia
696 1510 800 1562 opera,
828 1508 899 1563 quos
917 1489 1050 1560 aedificia
1070 1508 1175 1562 magna
1194 1488 1280 1544 nimio

298 1600 383 1652 opere
410 1575 558 1631 delectant.
603 1577 642 1629 At
669 1571 780 1641 snmus,
808 1579 950 1648 inquiunt,
980 1571 1105 1628 ciuitsitis
1130 1579 1281 1648 principes.

307 1668 366 1723 Vos
383 1680 449 1717 uero
472 1683 506 1717 ne
525 1680 719 1716 conservorum
745 1661 856 1733 quidesse
873 1670 1029 1713 uestrorum
1044 1663 1186 1732 principes
1203 1668 1282 1718 estis.

342 1769 375 1820 de
391 1767 453 1819 Nat.
473 1763 846 1829 d.-1‚41‚116.aeeetam
871 1763 906 1816 tle
924 1766 1089 1825 sanctitate,
1118 1763 1154 1816 de
1172 1769 1282 1834 pictate

297 1853 429 1908 aduersos
462 1849 529 1905 deos
557 1847 644 1902 libros
678 1853 790 1920 scripsit
816 1848 968 1919 Epicurus.
1013 1848 1054 1901 At
1081 1850 1226 1920 quomodo
1254 1853 1281 1904 in
1354 1895 1355 1898 ,

297 1938 340 1992 itis
359 1933 502 2007 loquitur?
526 1933 558 1986 de
576 1937 678 1986 Seneci.
699 1933 748 1998 11,
766 1932 810 1990 35.
829 1943 862 1987 at
884 1937 926 1988 ita
956 1932 1039 1986 multi
1060 1947 1125 1985 sunt
1145 1935 1281 1990 inubeciiii

297 2038 394 2083 sares,
411 2028 443 2072 ut
463 2016 569 2072 nullum
587 2017 696 2092 officii,
721 2029 773 2071 aut
794 2019 906 2072 ansuino
933 2022 1012 2075 vitae
1040 2036 1142 2071 munus
1168 2023 1281 2094 exsequi
1354 2031 1355 2060 ³

298 2109 419 2179 possint.
454 2104 494 2158 At
511 2105 540 2156 iri
558 2104 669 2177 quidem
697 2121 755 2157 non
771 2105 917 2176 proprium
940 2107 1088 2156 senectutis
1107 2115 1151 2158 est
1171 2107 1281 2160 uitium.

295 2190 462 2247 Fucciolutus
485 2199 583 2242 temere
608 2189 687 2242 eiecit
716 2191 826 2253 alterum
850 2199 898 2241 ut:
936 2189 1105 2240 Gernhardus
1136 2189 1280 2242 udmixtum

298 2279 367 2332 vidit
388 2275 487 2327 doloris
504 2268 731 2344 'significationem
756 2275 846 2327 neseio
867 2291 952 2342 quum.
988 2270 1021 2326 dc
1038 2276 1097 2326 Fin.
1115 2275 1151 2338 2,
1168 2273 1219 2341 27,
1237 2277 1279 2330 88.

193 2412 199 2428 „
299 2349 412 2432 uterque
437 2363 510 2413 enim
537 2377 642 2412 surrrmo
669 2358 741 2412 bono
765 2347 887 2428 fruitur,
915 2357 1021 2422 idest,
1045 2358 1208 2430 uoluptate.
1242 2365 1280 2416 At

297 2448 370 2502 enim
388 2443 432 2497 iic
450 2444 534 2495 etiam
552 2443 659 2498 dolore.
693 2447 733 2498 At
751 2463 810 2498 earn
828 2443 912 2498 nihili
924 2438 1011 2513 facit.

344 2546 399 2599 Cic.
409 2543 574 2611 uleASeuect.
591 2547 641 2609 18,
667 2542 709 2599 65.
736 2557 767 2598 at
784 2555 850 2599 sunt
872 2545 991 2610 morosi,
1011 2557 1039 2599 et
1053 2550 1150 2613 anxii,
1179 2555 1279 2605 etim.

297 2624 711 2702 cundi,etdiffici1essenesr
735 2633 760 2684 si
779 2635 954 2700 quaerimus,
983 2635 1068 2702 etiarn
1094 2637 1186 2686 avari.
1227 2634 1280 2689 Sed
1353 2669 1354 2702 3

298 2717 365 2772 ircec
383 2733 490 2768 morum
509 2719 580 2770 uitia
598 2727 678 2780 scrut,
692 2731 749 2766 non
767 2719 925 2770 senectutis.
957 2717 994 2767 ad
1010 2720 1064 2770 Art.
1084 2716 1118 2781 9,
1137 2717 1180 2770 10.
1199 2717 1279 2790 nefa·

297 2809 357 2859 rius
377 2797 514 2872 Hippias,
532 2829 564 2842 -
583 2815 661 2855 armo
681 2809 778 2854 eontra
798 2801 921 2869 patriam
933 2795 1041 2870 ferenes
1076 2803 1116 2856 At
1137 2804 1230 2868 Sulla,
1251 2817 1281 2858 at

299 2890 434 2950 Marius,
464 2896 494 2938 ot
524 2886 612 2940 Cinna
637 2897 726 2949 recte,
754 2888 837 2939 immo
864 2889 922 2940 iure
942 2881 1082 2956 fortasse.
1128 2890 1188 2943 Sed
1215 2890 1280 2963 quid

300 2991 393 3029 eorum
409 2973 529 3024 victoria
548 2970 707 3026 crudelius?
730 2969 764 3021 ud
782 2973 854 3024 Fam.
873 2971 906 3030 9,
927 2965 954 3035 6,
974 2970 999 3022 9.
1016 2968 1097 3042 attin
1115 2975 1281 3044 perturbata

297 3055 442 3130 republica
466 3058 592 3110 uiuimus.
642 3057 713 3132 Quis
741 3056 847 3127 negat?
874 3055 933 3125 Sed*
954 3054 1005 3108 itoc
1021 3056 1145 3113 viderint
1170 3063 1208 3124 ii,
1234 3062 1280 3131 qui
1351 3105 1352 3140 ἶ

298 3142 379 3198 nulia
397 3139 452 3195 sibi
469 3139 594 3194 subsidia
613 3140 651 3192 ad
668 3158 764 3193 omnes
782 3141 858 3193 virne
875 3150 967 3192 status
985 3154 1162 3212 parauerunt.
1202 3147 1280 3198 conf.

299 3231 332 3281 de
349 3227 436 3279 Diriu.
454 3226 487 3290 2,
504 3223 556 3289 3⁵,
576 3226 618 3278 74.
636 3225 698 3285 ubi,
719 3224 848 3293 particula
871 3225 983 3291 omissa,
1000 3227 1172 3297 iuterrogatio
1190 3231 1280 3284 iuter-

295 3311 413 3382 ponitur.
842 3357 846 3362 .

335 3395 390 3447 Cic.
417 3393 450 3445 de
472 3377 539 3446 'Nau
561 3393 587 3446 d.
603 3391 636 3460 3,
658 3392 707 3458 11,
725 3391 824 3446 27.Αι
847 3396 918 3448 enirn
944 3398 1052 3465 quaerit
1077 3395 1157 3468 cpuri
1185 3399 1281 3452 Xeno·

297 3477 432 3550 phontem
464 3479 610 3540 Socrates,
647 3477 720 3532 unde
744 3481 866 3532 animum
890 3482 1105 3550 arripuerimus,
1136 3487 1163 3534 si
1186 3481 1282 3536 nullus

291 3561 439 3636 fueritin
466 3562 579 3617 mundo.
615 3561 658 3615 Et
675 3580 727 3633 ego
752 3579 872 3634 quaero,
900 3564 973 3620 unde
990 3576 1041 3617 etc.
1076 3565 1128 3618 vid.
1150 3567 1282 3621 Goerenn.

223 3669 226 3675 ·
297 3651 331 3700 sd
347 3649 381 3700 sie
400 3645 647 3715 Leg.3,11,24.

332 3752 386 3802 Cic.
405 3751 438 3802 dc
459 3751 520 3801 Nat.
546 3749 571 3798 d.
592 3748 623 3813 1,
644 3743 695 3814 41,
719 3746 779 3826 114.
805 3761 837 3804 at
857 3743 955 3807 dolore
973 3760 1085 3806 uacant.
1123 3752 1216 3806 Satin'
1239 3763 1281 3808 est
1350 3755 1351 3815 i

296 3833 384 3888 idad
405 3833 486 3888 illam
503 3824 691 3888 abundantem
709 3831 790 3889 tonis
810 3839 899 3889 oitcm
927 3834 1144 3890 beatissimam?
1170 3837 1230 3890 116.
1250 3849 1281 3891 at
1349 3879 1350 3906 ,

295 3929 338 3974 est
364 3935 459 3972 eorum
484 3922 586 3974 eximia
611 3918 747 3991 quaedam
771 3934 971 3994 praestansque
988 3934 1104 3985 natura,
1130 3932 1162 3974 ut
1180 3943 1215 3975 ea
1234 3923 1279 3976 sle·

294 3997 359 4058 beat
383 4008 447 4074 ipsa
471 4021 521 4074 per
547 4021 577 4057 se
601 4004 639 4057 ad
663 4023 696 4058 se·
718 4004 865 4059 colendam
896 4006 994 4079 eiicere
1019 4012 1185 4078 sapientem.
1233 4009 1279 4061 Aa

279 4089 448 4167 'quidquam
465 4089 594 4141 eximium
610 4099 705 4160 potest
722 4107 780 4143 esse
800 4093 829 4144 in
847 4108 879 4142 ea
898 4103 1016 4156 natura,
1046 4109 1134 4164 quac,
1154 4110 1214 4144 sua
1229 4108 1277 4144 oo·
1347 4143 1348 4154 ,

293 4165 404 4250 luptats
422 4173 547 4250 laetans,
574 4169 644 4229 niitt
661 4193 711 4232 nco
729 4183 826 4230 actura
850 4177 889 4228 sit
910 4193 1055 4247 umquam,
1086 4193 1175 4245 neque
1195 4186 1275 4247 agat,

1246 4291 1252 4298 ’
