2662 4744
452 418 454 431 .
517 323 624 394 svn
710 297 712 304 ’
852 380 854 387 2
1039 317 1130 410 00·

132 483 171 548 iti
185 497 235 550 per
248 487 299 536 aot
322 459 470 552 dedignetis·
482 479 618 546 uetustatis
633 453 846 544 ‘iura-manerent
861 461 1104 555 1000000010,·(11001

131 566 249 630 inactiva
274 583 351 620 sensa
369 567 513 636 particulae
537 575 655 636 accepto.
688 565 748 623 uid,
765 565 877 630 Emundi
894 565 994 624 sterilli
1012 567 1104 636 Expo··,

133 651 177 702 sit.
195 649 223 718 iu
245 651 278 706 L.
294 639 619 720 Decisiustin.p.109.
653 651 684 700 In
707 649 795 710 edicto
822 651 953 702 Praetoris
978 651 1052 722 quod
1068 657 1106 720 'op'
1143 702 1147 706 .
1186 656 1192 730 '¹
1268 639 1271 654 Ι
1314 667 1320 674 “

132 745 184 790 aut
203 735 274 788 clam
289 730 406 814 factum
423 747 465 790 ost
482 735 543 804 Dig.
558 733 607 814 43,
625 732 669 790 24.
697 751 751 786 uon
768 733 855 788 verbis
883 752 1032 815 expressum
1055 747 1107 805 est,

131 821 204 890 quod
220 815 413 902 iurisconsultis
428 821 527 889 largam
549 815 743 888 countrover'siae
759 817 895 870 materiem
910 819 1038 897 praebuit.

114 983 116 990 y
164 897 258 974 ¹Potest
275 922 405 976 sententia
425 924 463 976 ita
479 935 628 993 comparata
644 941 717 988 esse,
739 931 895 993 00000000
913 922 991 974 modo
1011 923 1105 994 expri-

132 1017 233 1073 matur,
250 1007 332 1062 veluti
351 1009 408 1063 uic.
427 1008 477 1074 24,
496 1007 546 1073 16,
561 1005 588 1061 4.
604 1007 657 1064 alii
677 1025 771 1062 omncs
790 1010 864 1076 caesi
879 1018 929 1060 aut
948 1011 1035 1078 capti.
1063 1009 1107 1076 10,
1180 1040 1183 1048 ·

117 1089 167 1160 ‚36
174 1131 184 1158 ,
201 1089 243 1146 14.
270 1095 312 1166 ita
338 1094 367 1146 in
388 1093 478 1148 medio
506 1097 579 1148 caesi
603 1096 741 1166 captique.
774 1093 818 1145 stc
838 1093 867 1144 in
893 1093 1014 1147 formtdis
1034 1112 1106 1148 onus

131 1174 291 1314 0003803100,
313 1175 357 1233 iic
385 1189 437 1232 aut
457 1175 525 1244 ille,
551 1177 584 1232 de
612 1178 705 1248 quibus
731 1177 785 1232 vid.
809 1177 905 1232 Gellar.
931 1197 1009 1232 curse
1034 1190 1115 1264 post.-
1157 1169 1158 1172 ¹

132 1279 160 1334 r·
195 1294 236 1332 ,,·,
322 1321 324 1326 ,

148 1357 211 1436 ,Et
230 1361 422 1437 uutprox‘ime
449 1381 477 1416 00
502 1343 632 1432 attingere
654 1372 780 1438 possunt,
806 1363 876 1434 quod
901 1381 999 1436 negare
1021 1367 1107 1440 uoluit
1134 1353 1140 1372 ⁴

127 1447 270 1518 Morpheus
289 1449 401 1518 quidam
428 1448 456 1502 iu
478 1449 600 1520 Seelrodii
616 1448 741 1522 Bibliotn.
763 1465 787 1500 0.
804 1448 887 1524 1822„
897 1468 924 1518 p.
940 1449 1000 1504 647.
1018 1441 1105 1528 congi-

111 1599 113 1604 Ι
132 1551 196 1602 geas
219 1533 355 1602 sanissima
371 1533 587 1610 ,verbaftieqesaa
612 1535 674 1586 Nat.
690 1551 717 1602 q.
736 1533 820 1600 praet.
839 1533 864 1585 6.
886 1537 970 1590 etiam
987 1556 1044 1610 qua
1060 1557 1107 1594 aa·

131 1628 208 1686 stat,
223 1616 282 1688 late
292 1607 459 1690 'squalidum
475 1629 506 1678 ¹et
521 1629 573 1670 aut
590 1627 682 1672 ustum
701 1627 753 1671 aut
769 1619 911 1690 rigentem.

150 1719 250 1801 Quod
265 1719 366 1807 igitur
381 1719 511 1802 dicunt,
528 1731 588 1784 000
611 1719 708 1784 etiam
721 1740 786 1806 ¹pro
796 1723 931 1808 partim
945 1722 1046 1809 poni,
1064 1721 1110 1788 ad

56 1803 151 1870 hanc
185 1806 333 1892 regulam
366 1805 477 1870 reduci
519 1805 626 1870 debet.
679 1805 734 1870 Bis
770 1807 881 1894 posito
919 1815 981 1874 aut
1017 1817 1106 1874 certa

59 1890 243 1978 descriptio
282 1889 456 1956 exhibetur
499 1889 730 1956 alternantium
766 1893 913 1980 partium
944 1893 1005 1970 eibi
1039 1915 1106 1982 op·
1166 1913 1168 1926 ’

57 1977 265 2065 positarum,
304 1987 342 2040 ut
378 1977 541 2042 iudicetur
571 1977 710 2042 alterum
749 1998 836 2058 esse,
862 1979 936 2042 abi
965 1976 1107 2044 alterum

59 2083 137 2127 nou
154 2063 207 2126 sit.
228 2061 302 2128 uide
317 2062 467 2150 exempla
483 2063 607 2127 eLivio
624 2073 714 2126 etex
735 2061 853 2128 Tacito
870 2065 964 2128 allata
1007 2067 1107 2130 ‚532

62 2147 177 2214 Semel
194 2149 341 2236 positum
357 2148 465 2238 antid
476 2147 664 2233 'significare
677 2157 809 2234 potest,
834 2147 925 2234 quod
946 2087 1023 2216 alilri
1048 2173 1108 2237 per

51 2234 196 2324 partim
224 2254 414 2322 expressum
443 2233 609 2312 videmus,
634 2233 728 2298 sicuti
755 2233 862 2298 Tacit.
882 2234 968 2298 Hist.
992 2236 1030 2314 4,
1051 2241 1106 2300 71.

87 2341 163 2384 nem
191 2319 302 2384 locum
331 2353 373 2368 ·-
407 2315 615 2384 Valentinus
645 2315 824 2390 obsederat
852 2317 1020 2383 montibus
1045 2331 1107 2385 out

60 2344 210 2472 litoreus
233 2427 331 2470 omne
349 2415 491 2490 septum.
534 2403 644 2468 Potuit
668 2403 750 2468 dici:
776 2415 838 2468 out
859 2403 1028 2469 montibus
1045 2417 1108 2470 orit

58 2489 224 2572 Mosella,
242 2489 337 2576 ¹quod
352 2497 482 2554 sensum
498 2489 685 2578 ‘praeberetc
703 2488 763 2554 ubi
779 2491 1043 2570 nonjmontibus,
1061 2493 1109 2558 ibi
1174 2525 1186 2564 ις
1238 2557 1241 2566 ,
1270 2560 1271 2563 ,

59 2576 203 2644 Mosella
218 2587 360 2664 septum.
397 2575 485 2640 Haec
502 2575 687 2655 communis
701 2576 785 2640 vitae
799 2575 932 2661 loquela
945 2597 1016 2640 000
1028 2577 1108 2640 sub-

58 2661 166 2760 tiliter
192 2659 385 2748 distinguit,
420 2661 479 2725 sed
509 2662 596 2749 apud
619 2675 735 2726 om'nes
763 2671 875 2750 gentes
905 2661 1108 2748 negligenter

58 2755 191 2814 miscet.
223 2769 225 2774 ’
339 2769 342 2776 ·
1037 2763 1039 2773 ·

137 2870 182 2934 ,9.
210 2865 319 2952 Supra
335 2853 566 2952 exposuimus,
588 2885 654 2950 quo
671 2861 774 2936 modo
792 2865 1004 2954 negationem
1021 2868 1108 2945 reci-

91 2951 319 3018 iatssententia
335 2951 527 3038 aequaliter.
551 2959 584 3016 et
611 2971 688 3014 cum
717 2951 905 3016 necessitate
935 2952 1106 3018 disiuncta.

61 2973 135 3100 ped
156 3035 251 3102 multi
273 3036 468 3100 exstiterunt
489 3036 709 3124 grammatici,
733 3035 791 3122 qui
810 3035 986 3120 docerent,
1007 3059 1108 3126 prse-

62 3119 166 3186 missa
180 3121 355 3207 negatione
370 3123 467 3186 etiam
482 3143 587 3186 unum
602 3132 663 3186 aut
676 3123 722 3186 ita
737 3121 836 3208 poni,
856 3133 894 3186 ut
911 3147 973 3188 uec
985 3159 1028 3174 -
1045 3135 1108 3188 out

62 3205 157 3272 idem
175 3205 393 3296 significarent
406 3207 496 3294 quod
510 3231 572 3272 nec
587 3243 627 3261 -·
643 3229 722 3283 nec,
740 3205 859 3272 weder
872 3209 1035 3276 -uoclr.·
1064 3211 1108 3276 At
1188 3281 1189 3288 χ

63 3290 134 3357 hoc
146 3315 215 3356 000
231 3292 295 3357 nisi
310 3315 329 3356 0
370 3295 452 3358 ostis
472 3304 505 3360 et
517 3293 556 3358 ab
573 3293 613 3358 iis
628 3293 747 3358 seriori
759 3293 891 3359 saeculo
908 3293 1032 3360 factum
1048 3305 1108 3373 est,
1185 3325 1200 3346 ·

66 3377 127 3463 qui
141 3389 314 3465 poetarum
331 3316 510 3446 eletionem
527 3377 731 3445 affectabant.
773 3377 903 3466 Reliqui
927 3403 1043 3444 omues
1067 3384 1107 3444 ab

63 3460 220 3528 universo
248 3465 425 3550 particulae
448 3485 510 3530 usu
533 3485 717 3550 numquam
741 3477 955 3531 recesserunt.
1003 3465 1108 3552 Igitur

63 3559 131 3614 out
153 3570 222 3614 000
244 3545 346 3622 modo
366 3557 434 3615 vim
456 3550 598 3636 negandi
616 3571 686 3614 000
712 3569 774 3637 per
795 3573 832 3622 ,se
852 3549 971 3628 habet,
993 3551 1048 3616 sed
1064 3573 1107 3616 00

60 3633 185 3720 recipit
199 3633 331 3720 quidem
347 3655 419 3700 eam
435 3635 481 3700 ex'
492 3635 701 3702 antecedente
719 3637 903 3722 negatione.
946 3635 1046 3712 Nam,
1070 3648 1108 3701 ut

61 3741 103 3809 p.
123 3723 196 3784 530.
214 3719 300 3806 dixi,
322 3741 382 3806 per
397 3732 459 3784 out
475 3721 577 3786 semel
597 3721 745 3819 positum
758 3743 809 3784 res
825 3721 910 3784 inter
929 3743 964 3786 00
987 3721 1118 3787 confe-,

60 3813 187 3870 runtur
200 3815 369 3892 tamquam
382 3815 492 3894 partes
507 3807 665 3883 vicarrae,
696 3827 815 3892 eaeque
836 3805 950 3872 subiici
966 3818 1107 3894 possunt·

61 3891 254 3976 negationi,
278 3911 360 3990 quae
381 3911 455 3954 cum
472 3889 571 3955 verbo
590 3891 753 3978 cohaeret.
794 3887 854 3955 Est
874 3902 982 3957 autem
998 3914 1110 3984 appo·¹
1146 3943 1147 3948 .

61 3975 146 4048 sitio
164 3977 308 4044 nominis
323 3989 384 4065 per
400 3975 649 4064 disiunctionem
664 3975 866 4054 arbitrariam
882 3977 986 4058 facta,
998 3997 1105 4064 neque

7 4131 12 4146 1
63 4060 294 4148 antiquiorum
322 4063 521 4151 scriptorum
554 4063 731 4150 quisquam
756 4063 992 4127 enuntiationes
1018 4063 1105 4128 iute-

62 4167 159 4236 gras,
185 4167 269 4234 quae
283 4169 354 4214 000
368 4167 474 4216 unum
489 4147 626 4216 verbum
649 4167 824 4218 commuue
845 4145 1020 4226 haberent,
1043 4167 1105 4236 per
