2726 4746
68 349 118 422 A
214 323 278 386 rra
406 373 409 380 .
629 315 726 418 usn.
767 313 835 394 ar.
947 277 949 284 ’

287 473 333 530 itti
359 470 510 544 puliiaibru
526 468 841 545 fragiles‘inerepuere
866 483 972 520 manue.
1005 466 1038 529 4,
1064 465 1100 532 4,
1127 467 1170 521 15.
1207 467 1280 523 irinc

283 561 417 630 ··Tarpeta
435 555 504 628 deae
515 553 632 626 fontem
651 554 771 610 libavit.-
796 563 827 605 at
851 551 897 607 ttti
915 547 1030 623 urgebat
1049 553 1171 606 medium
1198 554 1281 622 ficti.

290 644 326 700 tta
342 662 413 698 arne
440 655 532 714 caput.
565 643 663 696 Tibuil.
682 643 717 705 2,
737 640 769 704 1,
788 637 831 691 79.
859 635 896 692 air
922 640 1030 700 nrireri,
1055 656 1123 708 quos
1144 637 1192 691 tte
1209 658 1280 710 gra·

189 737 193 744 '
288 731 361 786 aiter
389 728 458 801 dene
482 741 579 800 urgete
602 739 633 782 at
655 726 706 782 ille
722 721 820 796 felix,
846 725 888 777 cni
911 720 1041 791 placidus
1062 721 1163 778 leniter
1182 719 1280 795 afflat

179 800 182 820 ι
289 819 386 874 Amor.
421 816 455 878 1,
473 811 506 880 4,
526 813 568 868 37.
590 815 687 866 Lucan.
703 811 737 876 3,
754 803 814 864 663.
831 808 866 872 4,
884 807 926 862 36.
944 807 988 860 tu’s
1004 811 1092 862 virtut
1104 805 1280 880 ferrumque

291 883 382 954 dacum
399 902 559 970 promittit.-
585 909 616 952 at
641 897 700 952 iliis
725 900 786 968 ipre
813 895 901 950 locus.
934 893 1005 945 Male
1024 893 1162 958 feceruut,
1181 895 1229 962 qui
1249 895 1279 946 iu

231 1035 234 1042 .
292 985 369 1040 ovid.
386 985 457 1038 Faet.
475 985 507 1052 1,
531 977 590 1037 186.
620 983 782 1038 scribebant:
810 979 943 1051 equibus
961 975 1029 1032 haec
1050 975 1196 1050 populum
1214 997 1280 1049 spe-

232 1122 235 1130 ,
290 1081 373 1143 etot,¹
390 1084 417 1124 ec
442 1067 495 1122 itta
521 1067 616 1122 iurem.
642 1087 691 1140 pro
712 1079 743 1122 at
762 1067 816 1122 itta
833 1065 928 1124 laum.
971 1067 1063 1132 Neque
1081 1063 1161 1115 aliter
1179 1065 1280 1115 Horat.

235 1179 240 1190 ·
291 1159 337 1208 Sat
365 1156 398 1217 1,
415 1151 448 1217 5,
466 1149 508 1206 58.
523 1169 558 1217 o,
578 1163 627 1216 trra
652 1171 737 1206 cornu
754 1155 791 1210 rai
806 1147 890 1222 soret
909 1159 1019 1204 exsecto
1039 1143 1145 1218 frons,
1171 1152 1279 1220 inquit,

292 1238 359 1312 qnid
369 1231 493 1308 faceres,
509 1255 593 1309 quarm
609 1239 649 1290 sic
666 1236 784 1293 mutilus
802 1237 944 1290 miniteris.
973 1236 1014 1312 adt
1031 1233 1076 1286 illi
1086 1231 1186 1304 foeda
1206 1237 1280 1288 eica-

293 1323 356 1396 trix·
368 1333 491 1376 setosam
512 1323 586 1378 laevi
602 1319 728 1392 frontem
749 1331 914 1392 turpaverat
934 1323 1000 1374 oris.
1034 1320 1207 1378 Heindorfius
1224 1323 1280 1373 vim

293 1408 477 1479 explicetivaua
496 1409 590 1461 tribuit
607 1409 767 1478 particulae,
791 1407 838 1458 sed
860 1405 912 1460 alia
936 1405 1055 1474 exempla
1077 1405 1164 1458 adhuc
1182 1408 1280 1477 requi-

221 1504 224 1516 *
291 1495 335 1547 rit.
370 1497 505 1564 Nusquam
524 1513 555 1546 ea
572 1495 745 1547 invenientur.

277 1617 279 1624 ’
308 1615 341 1678 ὃ.
363 1613 414 1680 Ex
430 1612 494 1678 hoc
513 1634 573 1678 usu
589 1613 696 1700 poetis
712 1613 853 1700 proprio
873 1609 1081 1690 factumest,
1110 1619 1149 1673 ut
1166 1610 1280 1675 histo-

224 1697 350 1768 riarum
369 1700 515 1788 aliosque
529 1707 699 1779 unctores,
727 1699 780 1762 ubi
799 1697 839 1761 ad
855 1696 951 1761 uliam
974 1717 1045 1760 rcm
1072 1697 1280 1761 narrandam

225 1785 480 1860 manseundum,
503 1794 558 1848 aut
575 1786 670 1871 plura
693 1783 846 1870 exempla
870 1781 1038 1850 afferenda
1058 1791 1170 1862 erant,
1196 1783 1280 1847 haec

227 1887 269 1932 ex
289 1869 424 1933 adverso
447 1877 631 1958 ponerent,
665 1870 751 1934 etin
775 1869 841 1932 hoc
857 1878 1061 1956 transgressu
1082 1867 1182 1934 alium
1205 1890 1281 1934 rem

226 1973 285 2042 per
304 1965 341 2018 ut
356 1955 574 2044 designarent.
617 1953 657 2020 In
673 1953 725 2018 his
742 1953 1186 2041 quoqueGraecidicuntdi.
1230 1952 1281 2018 Itu

227 2041 316 2105 enirn
330 2041 572 2106 conformanda
588 2051 665 2105 sunt
681 2051 855 2128 praecepta
870 2041 1176 2128 grammaticorum,
1193 2062 1279 2126 quos

227 2137 384 2216 sequutus
402 2129 535 2194 Crueius
550 2128 586 2192 iu
597 2127 688 2193 Cluvi
705 2125 842 2192 Sueton.
856 2149 892 2214 p.
905 2129 976 2192 159.
993 2126 1115 2204 docuit,
1141 2137 1181 2190 at
1193 2127 1281 2214 poni
1361 2159 1362 2178 κ

226 2211 263 2276 in
284 2215 533 2278 continuatione
558 2213 735 2294 orationis,
758 2213 904 2276 maxime
932 2211 989 2276 ubi
1014 2222 1207 2300 appareret,
1239 2213 1280 2277 de

227 2299 378 2389 pluribus
410 2300 586 2366 dicendum
611 2323 712 2380 esses
740 2298 831 2384 quusi
858 2309 1077 2385 occuparetur
1108 2298 1278 2386 quaestio:

106 2422 116 2466 2
197 2398 202 2419 ¹
228 2384 311 2532 fuid
321 2383 454 2470 porro?
474 2385 557 2474 qnid
571 2384 653 2450 inde
664 2384 679 2450 ?
690 2384 839 2470 ideoque
858 2395 897 2448 at
913 2385 1113 2472 respondere
1130 2383 1281 2472 particu-

243 2469 269 2532 ie
294 2491 425 2551 renim,
458 2471 548 2550 ium,
581 2471 655 2534 ium
682 2491 769 2534 vero.
821 2469 922 2549 Quod
945 2467 1066 2542 falsum
1090 2492 1177 2551 esse,
1205 2470 1216 2531 i
1246 2492 1281 2534 su

229 2554 410 2644 particulae
440 2565 556 2619 natura
589 2565 761 2618 monstrat.
813 2555 1004 2640 Numquam
1028 2557 1136 2621 enim
1171 2491 1282 2618 delicit

231 2641 370 2706 omnino
392 2641 440 2705 vis
459 2639 663 2730 appositiva,
687 2658 770 2726 quae
788 2641 876 2726 apud
893 2641 1089 2706 Ciceronem
1103 2640 1175 2706 fere
1188 2662 1281 2706 sem-

161 2735 164 2743 “
229 2745 293 2815 per
314 2726 516 2804 distinctior,
540 2723 627 2812 apud
644 2724 726 2791 aiios
743 2726 921 2811 scriptores
940 2728 1160 2810 recentiores,
1186 2737 1225 2790 nt
1246 2727 1282 2792 in

230 2822 406 2900 poetarum
428 2812 590 2886 diedone,
620 2810 827 2900 designandis
851 2811 950 2876 rebus
970 2813 1115 2878 inservit.
1166 2812 1281 2878 Celsus

230 2898 336 2960 utitur
359 2897 421 2962 hnc
438 2898 710 3047 panicular'saepe
727 2899 762 2961 in
778 2897 990 2965 nominandis
1018 2910 1050 2964 et
1074 2899 1282 2985 exponendis

648 2985 656 3006 1

183 3035 185 3042 .
230 2981 357 3048 morbis
384 2995 416 3049 et
441 2984 633 3049 remediis:⁴
681 2984 783 3048 coitus
805 2984 839 3047 in
860 2983 999 3048 transitu
1020 2985 1060 3048 ud
1083 2979 1181 3049 uliam
1207 3007 1283 3050 rcrn

231 3069 448 3150 narrandamz
480 3069 657 3134 Suetonius
681 3070 716 3133 in
742 3068 914 3132 afferendis
940 3070 1075 3156 singulis
1102 3069 1281 3156 exemplis:

235 3153 367 3220 Curtius
392 3156 426 3221 iu
450 3153 639 3232 narratione
661 3154 855 3240 simpliciter
881 3175 956 3221 cum
982 3158 1183 3241 pronomine
1207 3179 1284 3222 eam

136 3256 161 3308 .“
235 3240 425 3324 coniungit,
444 3250 482 3301 ut
501 3239 616 3302 Graeci
632 3239 675 3302 at.
718 3239 782 3302 Vbi
806 3242 1024 3338 consequutio
1045 3242 1150 3328 aliqua
1170 3263 1286 3307 rerum

234 3334 291 3472 zm
310 3345 417 3472 luerum
441 3323 676 3412 exprimendus
700 3333 766 3408 est,
792 3325 931 3412 ponitur
956 3350 1016 3393 ac:
1050 3327 1182 3415 dequo
1207 3328 1288 3394 vide

214 3439 220 3464 r
252 3428 295 3474 uo
325 3431 397 3474 oco.

339 3531 394 3586 cie.
423 3531 456 3585 de
477 3532 565 3586 Dicin.
595 3531 627 3596 1,
652 3528 703 3594 34,
728 3527 771 3584 74.
791 3541 823 3584 at
840 3531 937 3586 eodem
957 3489 1081 3604 territare
1109 3530 1211 3588 Thebis
1231 3547 1287 3595 ete.

304 3617 337 3683 1,
353 3615 405 3683 86,
423 3616 466 3671 78.
492 3628 524 3672 at
546 3615 661 3670 Platoni
686 3626 735 3668 etev
772 3618 891 3686 Vtroque
913 3619 1017 3674 iu'lcco
1042 3619 1214 3672 emendarunt
1242 3627 1285 3677 ael

303 3701 356 3756 aed
373 3704 411 3757 ita
423 3710 621 3772 componuntur*
636 3699 739 3752 diversa
755 3703 881 3772 exempla.
1282 3713 1287 3722 “

350 3806 438 3859 Celeus
463 3802 496 3868 6,
516 3802 557 3856 17.
586 3800 634 3855 ubi
656 3797 849 3874 factasunt,
874 3823 945 3879 qnae
968 3811 1122 3877 separatim
1146 3807 1216 3879 fieri
1239 3808 1286 3863 de·

304 3885 436 3955 dcerunt,
459 3892 488 3944 in
507 3907 590 3942 unum
607 3890 700 3941 omnia
725 3891 877 3944 miscentur.
905 3894 962 3948 ,At
984 3893 1098 3965 pastilli
1125 3891 1192 3958 duee
1210 3897 1286 3950 ratio

196 4019 202 4032 ,
305 3982 358 4028 ert.
388 3973 421 4038 6,
446 3973 488 4028 18.
517 3993 544 4044 p·
567 3970 628 4027 894.
657 3991 760 4046 aerugo
779 3993 886 4047 quoque
910 3997 970 4032 cum
997 3989 1074 4034 cocto
1091 3975 1174 4031 melle
1198 3989 1226 4032 et
1253 3997 1287 4032 ee

288 4077 376 4130 μισ
398 4058 437 4112 ad
459 4059 517 4114 oris
541 4057 633 4113 ulcera
651 4077 742 4131 ,supra
766 4059 962 4130 comprehensa
984 4075 1067 4122 snut,
1094 4072 1202 4115 curant.
1246 4066 1287 4116 Ar

305 4139 475 4202 Erasistrati
495 4146 680 4217 compositio,
711 4155 760 4198 aut
783 4145 913 4202 Cratonis
935 4159 1005 4204 recta
1024 4166 1107 4218 super
1129 4145 1287 4218 purulenta
