<?xml version="1.0" encoding="UTF-8"?>
<!DOCTYPE html PUBLIC "-//W3C//DTD XHTML 1.0 Transitional//EN"
    "http://www.w3.org/TR/xhtml1/DTD/xhtml1-transitional.dtd">
<html xmlns="http://www.w3.org/1999/xhtml" xml:lang="en" lang="en">
 <head>
  <title>
</title>
<meta http-equiv="Content-Type" content="text/html;charset=utf-8" />
  <meta name='ocr-system' content='tesseract 3.04.00' />
  <meta name='ocr-capabilities' content='ocr_page ocr_carea ocr_par ocr_line ocrx_word'/>
</head>
<body>
  <div class='ocr_page' id='page_1' title='image "./ferdinandihandi00torsgoog_0594.png"; bbox 0 0 2662 4744; ppageno 0'>
   <div class='ocr_carea' id='block_1_1' title="bbox 233 265 879 366">
    <p class='ocr_par' dir='ltr' id='par_1_1' title="bbox 233 265 879 366">
     <span class='ocr_line' id='line_1_1' title="bbox 233 265 879 366; baseline -0.012 0"><span class='ocrx_word' id='word_1_1' title='bbox 233 299 301 366; x_wconf 78' lang='lat' dir='ltr'><strong>ara</strong></span> <span class='ocrx_word' id='word_1_2' title='bbox 584 265 587 272; x_wconf 85' lang='grc'><strong>’</strong></span> <span class='ocrx_word' id='word_1_3' title='bbox 663 289 832 362; x_wconf 78' lang='lat' dir='ltr'><strong>aurant.</strong></span> <span class='ocrx_word' id='word_1_4' title='bbox 872 347 879 358; x_wconf 87' lang='lat'><em>.</em></span> 
     </span>
    </p>
   </div>
   <div class='ocr_carea' id='block_1_2' title="bbox 159 442 1279 962">
    <p class='ocr_par' dir='ltr' id='par_1_2' title="bbox 159 442 1279 962">
     <span class='ocr_line' id='line_1_2' title="bbox 225 442 1278 534; baseline -0.005 -17"><span class='ocrx_word' id='word_1_5' title='bbox 225 447 443 518; x_wconf 70' lang='lat' dir='ltr'><strong>,tribuendam</strong></span> <span class='ocrx_word' id='word_1_6' title='bbox 456 445 592 534; x_wconf 74' lang='lat' dir='ltr'><strong>putavit.</strong></span> <span class='ocrx_word' id='word_1_7' title='bbox 633 443 717 512; x_wconf 72' lang='lat' dir='ltr'><strong>utto</strong></span> <span class='ocrx_word' id='word_1_8' title='bbox 732 468 808 512; x_wconf 84' lang='lat' dir='ltr'><strong>enm</strong></span> <span class='ocrx_word' id='word_1_9' title='bbox 825 442 865 510; x_wconf 87' lang='lat' dir='ltr'><strong>ad</strong></span> <span class='ocrx_word' id='word_1_10' title='bbox 879 442 951 510; x_wconf 78' lang='lat' dir='ltr'><strong>cto.</strong></span> <span class='ocrx_word' id='word_1_11' title='bbox 967 442 1010 511; x_wconf 88' lang='lat' dir='ltr'><strong>de</strong></span> <span class='ocrx_word' id='word_1_12' title='bbox 1023 442 1095 510; x_wconf 60' lang='lat' dir='ltr'><strong>liin·</strong></span> <span class='ocrx_word' id='word_1_13' title='bbox 1113 451 1153 526; x_wconf 78' lang='grc'><strong>’3,</strong></span> <span class='ocrx_word' id='word_1_14' title='bbox 1165 446 1213 528; x_wconf 81' lang='grc'><strong>’5,</strong></span> <span class='ocrx_word' id='word_1_15' title='bbox 1237 452 1278 512; x_wconf 78' lang='lat' dir='ltr'><strong>tt</strong></span> 
     </span>
     <span class='ocr_line' id='line_1_3' title="bbox 232 531 1278 624; baseline -0.007 -21"><span class='ocrx_word' id='word_1_16' title='bbox 232 558 269 624; x_wconf 83' lang='lat' dir='ltr'><strong>p·</strong></span> <span class='ocrx_word' id='word_1_17' title='bbox 283 541 359 602; x_wconf 74' lang='grc'><strong>329.</strong></span> <span class='ocrx_word' id='word_1_18' title='bbox 381 541 419 608; x_wconf 82' lang='grc'><strong>3,</strong></span> <span class='ocrx_word' id='word_1_19' title='bbox 447 538 502 613; x_wconf 83' lang='lat'><strong>17,</strong></span> <span class='ocrx_word' id='word_1_20' title='bbox 522 534 575 598; x_wconf 78' lang='grc'><strong>68.</strong></span> <span class='ocrx_word' id='word_1_21' title='bbox 597 553 633 618; x_wconf 84' lang='lat' dir='ltr'><strong>p.</strong></span> <span class='ocrx_word' id='word_1_22' title='bbox 648 535 723 597; x_wconf 80' lang='grc'><strong>886.</strong></span> <span class='ocrx_word' id='word_1_23' title='bbox 765 531 1039 616; x_wconf 79' lang='lat' dir='ltr'><strong>Atcousequutio</strong></span> <span class='ocrx_word' id='word_1_24' title='bbox 1062 531 1101 594; x_wconf 88' lang='lat' dir='ltr'><strong>in</strong></span> <span class='ocrx_word' id='word_1_25' title='bbox 1125 532 1168 595; x_wconf 88' lang='lat' dir='ltr'><strong>iis</strong></span> <span class='ocrx_word' id='word_1_26' title='bbox 1192 533 1278 614; x_wconf 89' lang='lat' dir='ltr'><strong>locis,</strong></span> 
     </span>
     <span class='ocr_line' id='line_1_4' title="bbox 225 617 1279 720; baseline 0 -38"><span class='ocrx_word' id='word_1_27' title='bbox 225 643 319 720; x_wconf 79' lang='lat' dir='ltr'><strong>quoa</strong></span> <span class='ocrx_word' id='word_1_28' title='bbox 338 619 393 684; x_wconf 91' lang='lat' dir='ltr'><strong>illc</strong></span> <span class='ocrx_word' id='word_1_29' title='bbox 408 619 658 704; x_wconf 82' lang='lat' dir='ltr'><strong>interpretatur,</strong></span> <span class='ocrx_word' id='word_1_30' title='bbox 680 639 751 682; x_wconf 88' lang='lat' dir='ltr'><strong>non</strong></span> <span class='ocrx_word' id='word_1_31' title='bbox 771 617 912 693; x_wconf 79' lang='lat' dir='ltr'><strong>aliaest,</strong></span> <span class='ocrx_word' id='word_1_32' title='bbox 938 637 1037 700; x_wconf 90' lang='lat' dir='ltr'><strong>quam</strong></span> <span class='ocrx_word' id='word_1_33' title='bbox 1055 637 1145 702; x_wconf 86' lang='lat' dir='ltr'><strong>quae</strong></span> <span class='ocrx_word' id='word_1_34' title='bbox 1169 618 1209 682; x_wconf 88' lang='lat' dir='ltr'><strong>in</strong></span> <span class='ocrx_word' id='word_1_35' title='bbox 1232 641 1279 682; x_wconf 89' lang='lat' dir='ltr'><strong>ra·</strong></span> 
     </span>
     <span class='ocr_line' id='line_1_5' title="bbox 159 700 1279 791; baseline -0.004 -20"><span class='ocrx_word' id='word_1_36' title='bbox 159 723 163 732; x_wconf 86' lang='lat'><strong><em>‘</em></strong></span> <span class='ocrx_word' id='word_1_37' title='bbox 231 705 445 772; x_wconf 82' lang='lat' dir='ltr'><strong>uncinationo</strong></span> <span class='ocrx_word' id='word_1_38' title='bbox 466 723 527 791; x_wconf 84' lang='lat' dir='ltr'><strong>per</strong></span> <span class='ocrx_word' id='word_1_39' title='bbox 548 723 633 768; x_wconf 85' lang='lat' dir='ltr'><strong>nova</strong></span> <span class='ocrx_word' id='word_1_40' title='bbox 656 712 848 788; x_wconf 82' lang='lat' dir='ltr'><strong>argumenta</strong></span> <span class='ocrx_word' id='word_1_41' title='bbox 870 700 910 764; x_wconf 90' lang='lat' dir='ltr'><strong>ad</strong></span> <span class='ocrx_word' id='word_1_42' title='bbox 934 709 1121 766; x_wconf 85' lang='lat' dir='ltr'><strong>extremam</strong></span> <span class='ocrx_word' id='word_1_43' title='bbox 1146 703 1279 770; x_wconf 90' lang='lat' dir='ltr'><strong>conclu-</strong></span> 
     </span>
     <span class='ocr_line' id='line_1_6' title="bbox 232 785 1278 878; baseline -0.004 -21"><span class='ocrx_word' id='word_1_44' title='bbox 232 792 362 858; x_wconf 73' lang='lat' dir='ltr'><strong>sionem</strong></span> <span class='ocrx_word' id='word_1_45' title='bbox 385 787 609 878; x_wconf 76' lang='lat' dir='ltr'><strong>progreditur.</strong></span> <span class='ocrx_word' id='word_1_46' title='bbox 660 787 742 852; x_wconf 86' lang='lat' dir='ltr'><strong>Eam</strong></span> <span class='ocrx_word' id='word_1_47' title='bbox 771 785 1031 874; x_wconf 74' lang='lat' dir='ltr'><strong>aasumptionem</strong></span> <span class='ocrx_word' id='word_1_48' title='bbox 1061 798 1158 852; x_wconf 85' lang='lat' dir='ltr'><strong>recte</strong></span> <span class='ocrx_word' id='word_1_49' title='bbox 1190 809 1278 853; x_wconf 88' lang='lat' dir='ltr'><strong>voca-</strong></span> 
     </span>
     <span class='ocr_line' id='line_1_7' title="bbox 231 869 1262 962; baseline -0.003 -21"><span class='ocrx_word' id='word_1_50' title='bbox 231 899 318 946; x_wconf 81' lang='lat' dir='ltr'><strong>mua.</strong></span> <span class='ocrx_word' id='word_1_51' title='bbox 360 873 403 941; x_wconf 93' lang='lat' dir='ltr'><strong>In</strong></span> <span class='ocrx_word' id='word_1_52' title='bbox 423 871 560 962; x_wconf 73' lang='lat' dir='ltr'><strong>apodosi</strong></span> <span class='ocrx_word' id='word_1_53' title='bbox 575 894 654 940; x_wconf 76' lang='lat' dir='ltr'><strong>uero</strong></span> <span class='ocrx_word' id='word_1_54' title='bbox 674 871 782 938; x_wconf 85' lang='lat' dir='ltr'><strong>nullus</strong></span> <span class='ocrx_word' id='word_1_55' title='bbox 798 869 957 945; x_wconf 81' lang='lat' dir='ltr'><strong>estlauins</strong></span> <span class='ocrx_word' id='word_1_56' title='bbox 971 871 1155 960; x_wconf 77' lang='lat' dir='ltr'>particulae</span> <span class='ocrx_word' id='word_1_57' title='bbox 1173 894 1262 938; x_wconf 83' lang='lat' dir='ltr'><strong>usus.</strong></span> 
     </span>
    </p>
   </div>
   <div class='ocr_carea' id='block_1_3' title="bbox 296 987 1281 1402">
    <p class='ocr_par' dir='ltr' id='par_1_3' title="bbox 296 987 1281 1402">
     <span class='ocr_line' id='line_1_8' title="bbox 334 987 1281 1059; baseline -0.003 -10"><span class='ocrx_word' id='word_1_58' title='bbox 334 996 420 1049; x_wconf 84' lang='lat' dir='ltr'><strong>Plaat.</strong></span> <span class='ocrx_word' id='word_1_59' title='bbox 443 991 526 1044; x_wconf 79' lang='lat' dir='ltr'><strong>Stich.</strong></span> <span class='ocrx_word' id='word_1_60' title='bbox 550 989 583 1058; x_wconf 82' lang='lat'><strong>5,</strong></span> <span class='ocrx_word' id='word_1_61' title='bbox 604 989 640 1059; x_wconf 81' lang='lat'><strong>4,</strong></span> <span class='ocrx_word' id='word_1_62' title='bbox 664 989 707 1045; x_wconf 83' lang='lat'><strong>⁵0.</strong></span> <span class='ocrx_word' id='word_1_63' title='bbox 727 1011 831 1048; x_wconf 67' lang='lat' dir='ltr'><strong>meum</strong></span> <span class='ocrx_word' id='word_1_64' title='bbox 845 987 893 1047; x_wconf 83' lang='lat' dir='ltr'><strong>ubi</strong></span> <span class='ocrx_word' id='word_1_65' title='bbox 912 1001 973 1057; x_wconf 77' lang='lat' dir='ltr'><strong>ert,</strong></span> <span class='ocrx_word' id='word_1_66' title='bbox 996 1001 1085 1047; x_wconf 76' lang='lat' dir='ltr'><strong>tecum</strong></span> <span class='ocrx_word' id='word_1_67' title='bbox 1105 1003 1281 1059; x_wconf 77' lang='lat' dir='ltr'><strong>esttamen:</strong></span> 
     </span>
     <span class='ocr_line' id='line_1_9' title="bbox 299 1075 1280 1142; baseline -0.006 -6"><span class='ocrx_word' id='word_1_68' title='bbox 299 1090 389 1136; x_wconf 73' lang='lat' dir='ltr'><strong>uuam</strong></span> <span class='ocrx_word' id='word_1_69' title='bbox 407 1077 455 1134; x_wconf 75' lang='lat' dir='ltr'><strong>adi</strong></span> <span class='ocrx_word' id='word_1_70' title='bbox 473 1087 568 1132; x_wconf 78' lang='lat' dir='ltr'><strong>autem</strong></span> <span class='ocrx_word' id='word_1_71' title='bbox 584 1088 643 1142; x_wconf 82' lang='lat' dir='ltr'><strong>est,</strong></span> <span class='ocrx_word' id='word_1_72' title='bbox 670 1095 775 1132; x_wconf 74' lang='lat' dir='ltr'><strong>mecm</strong></span> <span class='ocrx_word' id='word_1_73' title='bbox 799 1075 839 1132; x_wconf 77' lang='lat' dir='ltr'><strong>tut</strong></span> <span class='ocrx_word' id='word_1_74' title='bbox 855 1087 950 1132; x_wconf 75' lang='lat' dir='ltr'><strong>aetam</strong></span> <span class='ocrx_word' id='word_1_75' title='bbox 966 1087 1027 1134; x_wconf 78' lang='lat' dir='ltr'><strong>est.-</strong></span> <span class='ocrx_word' id='word_1_76' title='bbox 1050 1088 1151 1133; x_wconf 73' lang='lat' dir='ltr'><strong>meter</strong></span> <span class='ocrx_word' id='word_1_77' title='bbox 1169 1079 1230 1132; x_wconf 76' lang='lat' dir='ltr'><strong>atti</strong></span> <span class='ocrx_word' id='word_1_78' title='bbox 1245 1081 1280 1132; x_wconf 83' lang='grc' dir='ltr'><strong>ἰιι-</strong></span> 
     </span>
     <span class='ocr_line' id='line_1_10' title="bbox 298 1163 1280 1239; baseline -0.003 -20"><span class='ocrx_word' id='word_1_79' title='bbox 298 1164 387 1222; x_wconf 71' lang='lat' dir='ltr'><strong>uidet.</strong></span> <span class='ocrx_word' id='word_1_80' title='bbox 420 1163 622 1232; x_wconf 76' lang='lat' dir='ltr'><strong>corruptionem</strong></span> <span class='ocrx_word' id='word_1_81' title='bbox 637 1163 723 1232; x_wconf 71' lang='lat' dir='ltr'><strong>ipsum</strong></span> <span class='ocrx_word' id='word_1_82' title='bbox 744 1171 856 1215; x_wconf 80' lang='lat' dir='ltr'><strong>metram</strong></span> <span class='ocrx_word' id='word_1_83' title='bbox 876 1163 976 1232; x_wconf 79' lang='lat' dir='ltr'><strong>prodit.</strong></span> <span class='ocrx_word' id='word_1_84' title='bbox 1017 1164 1130 1239; x_wconf 83' lang='lat' dir='ltr'><strong>Bothiur</strong></span> <span class='ocrx_word' id='word_1_85' title='bbox 1156 1165 1280 1216; x_wconf 77' lang='lat' dir='ltr'><strong>audacter</strong></span> 
     </span>
     <span class='ocr_line' id='line_1_11' title="bbox 298 1246 1280 1304; baseline 0.001 -3"><span class='ocrx_word' id='word_1_86' title='bbox 298 1249 424 1302; x_wconf 86' lang='lat' dir='ltr'><strong>coniecit:</strong></span> <span class='ocrx_word' id='word_1_87' title='bbox 448 1266 553 1301; x_wconf 82' lang='lat' dir='ltr'><strong>mecum</strong></span> <span class='ocrx_word' id='word_1_88' title='bbox 569 1246 671 1302; x_wconf 64' lang='lat' dir='ltr'><strong>ibidem</strong></span> <span class='ocrx_word' id='word_1_89' title='bbox 686 1259 747 1302; x_wconf 77' lang='lat' dir='ltr'><strong>este</strong></span> <span class='ocrx_word' id='word_1_90' title='bbox 769 1251 860 1304; x_wconf 73' lang='lat' dir='ltr'><strong>nouat</strong></span> <span class='ocrx_word' id='word_1_91' title='bbox 874 1258 969 1304; x_wconf 76' lang='lat' dir='ltr'><strong>neuter</strong></span> <span class='ocrx_word' id='word_1_92' title='bbox 985 1249 1102 1304; x_wconf 79' lang='lat' dir='ltr'><strong>invidet.</strong></span> <span class='ocrx_word' id='word_1_93' title='bbox 1141 1250 1280 1302; x_wconf 80' lang='lat' dir='ltr'><strong>Editiouea</strong></span> 
     </span>
     <span class='ocr_line' id='line_1_12' title="bbox 296 1330 1216 1402; baseline 0.002 -18"><span class='ocrx_word' id='word_1_94' title='bbox 296 1331 492 1402; x_wconf 74' lang='lat' dir='ltr'><strong>antiquissimae</strong></span> <span class='ocrx_word' id='word_1_95' title='bbox 510 1341 598 1388; x_wconf 81' lang='lat' dir='ltr'><strong>tecum</strong></span> <span class='ocrx_word' id='word_1_96' title='bbox 613 1343 708 1388; x_wconf 71' lang='lat' dir='ltr'><strong>auum</strong></span> <span class='ocrx_word' id='word_1_97' title='bbox 724 1330 773 1386; x_wconf 69' lang='lat' dir='ltr'><strong>aba·</strong></span> <span class='ocrx_word' id='word_1_98' title='bbox 786 1344 847 1399; x_wconf 78' lang='lat' dir='ltr'><strong>est,</strong></span> <span class='ocrx_word' id='word_1_99' title='bbox 868 1351 973 1386; x_wconf 77' lang='lat' dir='ltr'><strong>mecum</strong></span> <span class='ocrx_word' id='word_1_100' title='bbox 988 1344 1084 1388; x_wconf 67' lang='lat' dir='ltr'><strong>auum</strong></span> <span class='ocrx_word' id='word_1_101' title='bbox 1099 1330 1144 1388; x_wconf 81' lang='lat' dir='ltr'><strong>ibi</strong></span> <span class='ocrx_word' id='word_1_102' title='bbox 1160 1345 1216 1390; x_wconf 79' lang='lat' dir='ltr'><strong>cst.</strong></span> 
     </span>
    </p>
   </div>
   <div class='ocr_carea' id='block_1_4' title="bbox 109 1437 1315 2674">
    <p class='ocr_par' dir='ltr' id='par_1_4' title="bbox 220 1437 1276 2480">
     <span class='ocr_line' id='line_1_13' title="bbox 295 1437 1276 1538; baseline 0.002 -22"><span class='ocrx_word' id='word_1_103' title='bbox 295 1463 299 1470; x_wconf 85' lang='lat'><em>&#39;</em></span> <span class='ocrx_word' id='word_1_104' title='bbox 315 1452 375 1518; x_wconf 76' lang='grc'><strong>14.</strong></span> <span class='ocrx_word' id='word_1_105' title='bbox 399 1437 564 1519; x_wconf 66' lang='lat' dir='ltr'><strong>Graecum·</strong></span> <span class='ocrx_word' id='word_1_106' title='bbox 586 1449 620 1514; x_wconf 82' lang='grc' dir='ltr'><strong>δέ</strong></span> <span class='ocrx_word' id='word_1_107' title='bbox 635 1450 671 1523; x_wconf 85' lang='lat' dir='ltr'><strong>iu</strong></span> <span class='ocrx_word' id='word_1_108' title='bbox 696 1449 834 1538; x_wconf 81' lang='lat' dir='ltr'><strong>apodoei</strong></span> <span class='ocrx_word' id='word_1_109' title='bbox 850 1451 934 1538; x_wconf 91' lang='lat' dir='ltr'><strong>poni</strong></span> <span class='ocrx_word' id='word_1_110' title='bbox 949 1473 1040 1516; x_wconf 91' lang='lat' dir='ltr'><strong>nuno</strong></span> <span class='ocrx_word' id='word_1_111' title='bbox 1054 1453 1145 1528; x_wconf 81' lang='lat' dir='ltr'><strong>inter</strong></span> <span class='ocrx_word' id='word_1_112' title='bbox 1160 1476 1276 1518; x_wconf 84' lang='lat' dir='ltr'><strong>omnes</strong></span> 
     </span>
     <span class='ocr_line' id='line_1_14' title="bbox 220 1535 1275 1624; baseline -0.003 -20"><span class='ocrx_word' id='word_1_113' title='bbox 220 1535 306 1604; x_wconf 80' lang='lat' dir='ltr'><strong>‚eatis</strong></span> <span class='ocrx_word' id='word_1_114' title='bbox 327 1546 475 1615; x_wconf 84' lang='lat' dir='ltr'><strong>constat,</strong></span> <span class='ocrx_word' id='word_1_115' title='bbox 498 1546 530 1600; x_wconf 88' lang='lat' dir='ltr'><strong>et</strong></span> <span class='ocrx_word' id='word_1_116' title='bbox 547 1537 675 1624; x_wconf 86' lang='lat' dir='ltr'><strong>optime</strong></span> <span class='ocrx_word' id='word_1_117' title='bbox 689 1556 730 1600; x_wconf 85' lang='lat' dir='ltr'><strong>ex</strong></span> <span class='ocrx_word' id='word_1_118' title='bbox 757 1536 877 1600; x_wconf 89' lang='lat' dir='ltr'><strong>ositum</strong></span> <span class='ocrx_word' id='word_1_119' title='bbox 898 1546 947 1600; x_wconf 82' lang='lat' dir='ltr'><strong>eat</strong></span> <span class='ocrx_word' id='word_1_120' title='bbox 969 1537 1222 1620; x_wconf 85' lang='lat' dir='ltr'><strong>aButtmanuo</strong></span> <span class='ocrx_word' id='word_1_121' title='bbox 1243 1541 1275 1602; x_wconf 90' lang='lat' dir='ltr'><strong>in</strong></span> 
     </span>
     <span class='ocr_line' id='line_1_15' title="bbox 227 1619 1274 1710; baseline 0.003 -24"><span class='ocrx_word' id='word_1_122' title='bbox 227 1620 381 1692; x_wconf 45' lang='lat' dir='ltr'><strong>Excursu.</strong></span> <span class='ocrx_word' id='word_1_123' title='bbox 393 1621 433 1686; x_wconf 91' lang='lat' dir='ltr'><strong>ad</strong></span> <span class='ocrx_word' id='word_1_124' title='bbox 450 1619 627 1687; x_wconf 83' lang='lat' dir='ltr'><strong>Demosth.</strong></span> <span class='ocrx_word' id='word_1_125' title='bbox 650 1621 687 1686; x_wconf 88' lang='lat' dir='ltr'><strong>iu</strong></span> <span class='ocrx_word' id='word_1_126' title='bbox 743 1621 784 1686; x_wconf 83' lang='lat' dir='ltr'><strong>&#39;d.</strong></span> <span class='ocrx_word' id='word_1_127' title='bbox 808 1621 955 1710; x_wconf 79' lang='lat' dir='ltr'><strong>p.152.,</strong></span> <span class='ocrx_word' id='word_1_128' title='bbox 997 1621 1144 1688; x_wconf 87' lang='lat' dir='ltr'><strong>latinum</strong></span> <span class='ocrx_word' id='word_1_129' title='bbox 1163 1635 1274 1688; x_wconf 83' lang='lat' dir='ltr'><strong>antem</strong></span> 
     </span>
     <span class='ocr_line' id='line_1_16' title="bbox 228 1705 1274 1794; baseline 0.002 -22"><span class='ocrx_word' id='word_1_130' title='bbox 228 1705 347 1772; x_wconf 89' lang='lat' dir='ltr'><strong>eodem</strong></span> <span class='ocrx_word' id='word_1_131' title='bbox 368 1706 473 1772; x_wconf 85' lang='lat' dir='ltr'><strong>modo</strong></span> <span class='ocrx_word' id='word_1_132' title='bbox 494 1705 662 1794; x_wconf 83' lang='lat' dir='ltr'><strong>usurpari,</strong></span> <span class='ocrx_word' id='word_1_133' title='bbox 690 1705 757 1770; x_wconf 91' lang='lat' dir='ltr'><strong>duo</strong></span> <span class='ocrx_word' id='word_1_134' title='bbox 778 1705 972 1770; x_wconf 81' lang='lat' dir='ltr'><strong>exstiterunt</strong></span> <span class='ocrx_word' id='word_1_135' title='bbox 990 1718 1164 1790; x_wconf 78' lang='lat' dir='ltr'><strong>auctores,</strong></span> <span class='ocrx_word' id='word_1_136' title='bbox 1186 1711 1274 1774; x_wconf 90' lang='lat' dir='ltr'><strong>Goe-</strong></span> 
     </span>
     <span class='ocr_line' id='line_1_17' title="bbox 226 1789 1273 1877; baseline 0 -19"><span class='ocrx_word' id='word_1_137' title='bbox 226 1793 359 1858; x_wconf 84' lang='lat' dir='ltr'><strong>renziue</strong></span> <span class='ocrx_word' id='word_1_138' title='bbox 374 1803 408 1856; x_wconf 89' lang='lat' dir='ltr'><strong>et</strong></span> <span class='ocrx_word' id='word_1_139' title='bbox 424 1793 621 1873; x_wconf 80' lang='lat' dir='ltr'><strong>Crenaerus,</strong></span> <span class='ocrx_word' id='word_1_140' title='bbox 641 1791 696 1856; x_wconf 88' lang='lat' dir='ltr'><strong>ille</strong></span> <span class='ocrx_word' id='word_1_141' title='bbox 711 1791 751 1855; x_wconf 84' lang='lat' dir='ltr'><strong>ad</strong></span> <span class='ocrx_word' id='word_1_142' title='bbox 772 1791 840 1858; x_wconf 77' lang='lat' dir='ltr'><strong>cte.</strong></span> <span class='ocrx_word' id='word_1_143' title='bbox 862 1789 903 1856; x_wconf 86' lang='lat' dir='ltr'><strong>de</strong></span> <span class='ocrx_word' id='word_1_144' title='bbox 920 1790 993 1858; x_wconf 75' lang='lat' dir='ltr'><strong>uin.</strong></span> <span class='ocrx_word' id='word_1_145' title='bbox 1018 1798 1057 1872; x_wconf 80' lang='lat'><strong>3,</strong></span> <span class='ocrx_word' id='word_1_146' title='bbox 1082 1799 1143 1877; x_wconf 89' lang='lat'><strong>18,</strong></span> <span class='ocrx_word' id='word_1_147' title='bbox 1166 1797 1222 1860; x_wconf 84' lang='lat'><strong>59.</strong></span> <span class='ocrx_word' id='word_1_148' title='bbox 1243 1797 1273 1860; x_wconf 92' lang='lat' dir='ltr'><strong>in</strong></span> 
     </span>
     <span class='ocr_line' id='line_1_18' title="bbox 226 1873 1273 1965; baseline 0.002 -23"><span class='ocrx_word' id='word_1_149' title='bbox 226 1877 487 1964; x_wconf 81' lang='lat' dir='ltr'><strong>consequutione</strong></span> <span class='ocrx_word' id='word_1_150' title='bbox 502 1875 697 1965; x_wconf 73' lang='lat' dir='ltr'><strong>particulam</strong></span> <span class='ocrx_word' id='word_1_151' title='bbox 713 1877 796 1963; x_wconf 85' lang='lat' dir='ltr'><strong>poni</strong></span> <span class='ocrx_word' id='word_1_152' title='bbox 811 1873 997 1958; x_wconf 78' lang='lat' dir='ltr'><strong>affirmans,</strong></span> <span class='ocrx_word' id='word_1_153' title='bbox 1015 1877 1071 1942; x_wconf 90' lang='lat' dir='ltr'><strong>hic</strong></span> <span class='ocrx_word' id='word_1_154' title='bbox 1095 1881 1133 1944; x_wconf 89' lang='lat' dir='ltr'><strong>iu</strong></span> <span class='ocrx_word' id='word_1_155' title='bbox 1158 1879 1273 1944; x_wconf 86' lang='lat' dir='ltr'><strong>defen-</strong></span> 
     </span>
     <span class='ocr_line' id='line_1_19' title="bbox 227 1960 1274 2051; baseline 0.002 -23"><span class='ocrx_word' id='word_1_156' title='bbox 227 1961 336 2028; x_wconf 89' lang='lat' dir='ltr'><strong>denda</strong></span> <span class='ocrx_word' id='word_1_157' title='bbox 350 1963 514 2050; x_wconf 81' lang='lat' dir='ltr'><strong>scriptura</strong></span> <span class='ocrx_word' id='word_1_158' title='bbox 531 1961 652 2028; x_wconf 85' lang='lat' dir='ltr'><strong>codicia</strong></span> <span class='ocrx_word' id='word_1_159' title='bbox 671 1961 738 2028; x_wconf 89' lang='lat' dir='ltr'><strong>Cic.</strong></span> <span class='ocrx_word' id='word_1_160' title='bbox 754 1960 795 2028; x_wconf 87' lang='lat' dir='ltr'><strong>de</strong></span> <span class='ocrx_word' id='word_1_161' title='bbox 811 1961 894 2050; x_wconf 80' lang='lat' dir='ltr'><strong>llep.</strong></span> <span class='ocrx_word' id='word_1_162' title='bbox 917 1969 952 2042; x_wconf 92' lang='lat'><strong>1,</strong></span> <span class='ocrx_word' id='word_1_163' title='bbox 974 1965 1028 2028; x_wconf 80' lang='lat'><strong>42.</strong></span> <span class='ocrx_word' id='word_1_164' title='bbox 1043 1975 1222 2051; x_wconf 79' lang='lat' dir='ltr'><strong>tamquam</strong></span> <span class='ocrx_word' id='word_1_165' title='bbox 1238 1965 1274 2030; x_wconf 87' lang='lat' dir='ltr'><strong>de</strong></span> 
     </span>
     <span class='ocr_line' id='line_1_20' title="bbox 225 2047 1273 2136; baseline 0 -22"><span class='ocrx_word' id='word_1_166' title='bbox 225 2047 340 2136; x_wconf 85' lang='lat' dir='ltr'><strong>regula</strong></span> <span class='ocrx_word' id='word_1_167' title='bbox 356 2059 453 2113; x_wconf 82' lang='lat' dir='ltr'><strong>certa.</strong></span> <span class='ocrx_word' id='word_1_168' title='bbox 475 2048 677 2114; x_wconf 82' lang='lat' dir='ltr'><strong>Goerenuiua</strong></span> <span class='ocrx_word' id='word_1_169' title='bbox 694 2068 773 2113; x_wconf 84' lang='lat' dir='ltr'><strong>vero</strong></span> <span class='ocrx_word' id='word_1_170' title='bbox 790 2068 894 2134; x_wconf 89' lang='lat' dir='ltr'><strong>quum</strong></span> <span class='ocrx_word' id='word_1_171' title='bbox 907 2047 1014 2129; x_wconf 85' lang='lat' dir='ltr'><strong>addit,</strong></span> <span class='ocrx_word' id='word_1_172' title='bbox 1033 2062 1156 2114; x_wconf 82' lang='lat' dir='ltr'><strong>autem</strong></span> <span class='ocrx_word' id='word_1_173' title='bbox 1169 2051 1273 2116; x_wconf 81' lang='lat' dir='ltr'><strong>etium</strong></span> 
     </span>
     <span class='ocr_line' id='line_1_21' title="bbox 225 2132 1271 2223; baseline -0.001 -23"><span class='ocrx_word' id='word_1_174' title='bbox 225 2144 344 2200; x_wconf 91' lang='lat' dir='ltr'><strong>nostro</strong></span> <span class='ocrx_word' id='word_1_175' title='bbox 353 2132 476 2223; x_wconf 83' lang='lat' dir='ltr'><strong>ferner</strong></span> <span class='ocrx_word' id='word_1_176' title='bbox 497 2135 585 2198; x_wconf 71' lang='lat' dir='ltr'><strong>aucit</strong></span> <span class='ocrx_word' id='word_1_177' title='bbox 604 2132 822 2219; x_wconf 84' lang='lat' dir='ltr'><strong>respondere,</strong></span> <span class='ocrx_word' id='word_1_178' title='bbox 855 2134 1035 2215; x_wconf 78' lang='lat' dir='ltr'><strong>nescimus,</strong></span> <span class='ocrx_word' id='word_1_179' title='bbox 1069 2157 1138 2222; x_wconf 91' lang='lat' dir='ltr'><strong>quo</strong></span> <span class='ocrx_word' id='word_1_180' title='bbox 1166 2158 1271 2217; x_wconf 83' lang='lat' dir='ltr'><strong>seusu,</strong></span> 
     </span>
     <span class='ocr_line' id='line_1_22' title="bbox 225 2217 1272 2307; baseline 0.003 -24"><span class='ocrx_word' id='word_1_181' title='bbox 225 2239 336 2307; x_wconf 83' lang='lat' dir='ltr'><strong>quove</strong></span> <span class='ocrx_word' id='word_1_182' title='bbox 351 2219 578 2285; x_wconf 89' lang='lat' dir='ltr'><strong>membrorum</strong></span> <span class='ocrx_word' id='word_1_183' title='bbox 589 2217 897 2284; x_wconf 86' lang='lat' dir='ltr'><strong>ordineorationem</strong></span> <span class='ocrx_word' id='word_1_184' title='bbox 913 2220 1181 2287; x_wconf 81' lang='lat' dir='ltr'><strong>constituendam</strong></span> <span class='ocrx_word' id='word_1_185' title='bbox 1199 2245 1272 2286; x_wconf 86' lang='lat' dir='ltr'><strong>cen-</strong></span> 
     </span>
     <span class='ocr_line' id='line_1_23' title="bbox 225 2303 1271 2394; baseline -0.001 -22"><span class='ocrx_word' id='word_1_186' title='bbox 225 2305 338 2372; x_wconf 81' lang='lat' dir='ltr'><strong>suerit.</strong></span> <span class='ocrx_word' id='word_1_187' title='bbox 383 2306 593 2392; x_wconf 76' lang='lat' dir='ltr'><strong>Quamquam</strong></span> <span class='ocrx_word' id='word_1_188' title='bbox 608 2305 709 2394; x_wconf 85' lang='lat' dir='ltr'><strong>igitur</strong></span> <span class='ocrx_word' id='word_1_189' title='bbox 726 2303 778 2385; x_wconf 91' lang='lat' dir='ltr'><strong>id,</strong></span> <span class='ocrx_word' id='word_1_190' title='bbox 795 2303 887 2390; x_wconf 92' lang='lat' dir='ltr'><strong>quod</strong></span> <span class='ocrx_word' id='word_1_191' title='bbox 903 2305 1034 2369; x_wconf 90' lang='lat' dir='ltr'><strong>Graecis</strong></span> <span class='ocrx_word' id='word_1_192' title='bbox 1050 2306 1187 2392; x_wconf 85' lang='lat' dir='ltr'><strong>placuit,</strong></span> <span class='ocrx_word' id='word_1_193' title='bbox 1207 2330 1271 2371; x_wconf 90' lang='lat' dir='ltr'><strong>uon</strong></span> 
     </span>
     <span class='ocr_line' id='line_1_24' title="bbox 224 2389 1270 2480; baseline 0.001 -25"><span class='ocrx_word' id='word_1_194' title='bbox 224 2415 245 2456; x_wconf 83' lang='lat' dir='ltr'><strong>a</strong></span> <span class='ocrx_word' id='word_1_195' title='bbox 259 2402 376 2454; x_wconf 87' lang='lat' dir='ltr'><strong>natura</strong></span> <span class='ocrx_word' id='word_1_196' title='bbox 391 2390 511 2455; x_wconf 87' lang='lat' dir='ltr'><strong>latinae</strong></span> <span class='ocrx_word' id='word_1_197' title='bbox 526 2389 721 2478; x_wconf 84' lang='lat' dir='ltr'><strong>particulae,</strong></span> <span class='ocrx_word' id='word_1_198' title='bbox 744 2389 893 2455; x_wconf 88' lang='lat' dir='ltr'><strong>adversas</strong></span> <span class='ocrx_word' id='word_1_199' title='bbox 911 2412 963 2454; x_wconf 91' lang='lat' dir='ltr'><strong>res</strong></span> <span class='ocrx_word' id='word_1_200' title='bbox 982 2391 1200 2480; x_wconf 81' lang='lat' dir='ltr'><strong>designantis,</strong></span> <span class='ocrx_word' id='word_1_201' title='bbox 1217 2393 1270 2457; x_wconf 92' lang='lat' dir='ltr'><strong>ab·</strong></span> 
     </span>
    </p>

    <p class='ocr_par' dir='ltr' id='par_1_5' title="bbox 109 2474 1315 2674">
     <span class='ocr_line' id='line_1_25' title="bbox 109 2474 1269 2562; baseline 0.003 -22"><span class='ocrx_word' id='word_1_202' title='bbox 109 2512 123 2524; x_wconf 76' lang='lat'><em>—</em></span> <span class='ocrx_word' id='word_1_203' title='bbox 223 2474 403 2556; x_wconf 87' lang='lat' dir='ltr'><strong>horrebat,</strong></span> <span class='ocrx_word' id='word_1_204' title='bbox 424 2485 536 2540; x_wconf 88' lang='lat' dir='ltr'><strong>tamen</strong></span> <span class='ocrx_word' id='word_1_205' title='bbox 551 2497 618 2540; x_wconf 89' lang='lat' dir='ltr'><strong>non</strong></span> <span class='ocrx_word' id='word_1_206' title='bbox 637 2475 673 2540; x_wconf 90' lang='lat' dir='ltr'><strong>in</strong></span> <span class='ocrx_word' id='word_1_207' title='bbox 686 2496 781 2538; x_wconf 91' lang='lat' dir='ltr'><strong>usum</strong></span> <span class='ocrx_word' id='word_1_208' title='bbox 803 2485 973 2562; x_wconf 82' lang='lat' dir='ltr'><strong>receptum</strong></span> <span class='ocrx_word' id='word_1_209' title='bbox 998 2487 1066 2558; x_wconf 87' lang='lat' dir='ltr'><strong>cst,</strong></span> <span class='ocrx_word' id='word_1_210' title='bbox 1094 2499 1159 2542; x_wconf 84' lang='lat' dir='ltr'><strong>nco</strong></span> <span class='ocrx_word' id='word_1_211' title='bbox 1186 2489 1269 2544; x_wconf 81' lang='lat' dir='ltr'><strong>certa</strong></span> 
     </span>
     <span class='ocr_line' id='line_1_26' title="bbox 223 2557 1315 2674; baseline 0 -48"><span class='ocrx_word' id='word_1_212' title='bbox 223 2559 321 2628; x_wconf 77' lang='lat' dir='ltr'><strong>huius</strong></span> <span class='ocrx_word' id='word_1_213' title='bbox 337 2559 488 2626; x_wconf 86' lang='lat' dir='ltr'><strong>dictionis</strong></span> <span class='ocrx_word' id='word_1_214' title='bbox 505 2557 806 2651; x_wconf 85' lang='lat' dir='ltr'><strong>exemplausquam</strong></span> <span class='ocrx_word' id='word_1_215' title='bbox 820 2561 1038 2648; x_wconf 82' lang='lat' dir='ltr'><strong>reperiuntur.</strong></span> <span class='ocrx_word' id='word_1_216' title='bbox 1075 2571 1079 2575; x_wconf 82' lang='grc'><strong>’</strong></span> <span class='ocrx_word' id='word_1_217' title='bbox 1314 2583 1315 2674; x_wconf 53' lang='lat' dir='ltr'><strong>p</strong></span> 
     </span>
    </p>
   </div>
   <div class='ocr_carea' id='block_1_5' title="bbox 102 2677 1315 3608">
    <p class='ocr_par' dir='ltr' id='par_1_6' title="bbox 102 2677 1315 3608">
     <span class='ocr_line' id='line_1_27' title="bbox 328 2677 1315 2760; baseline 0.002 -24"><span class='ocrx_word' id='word_1_218' title='bbox 328 2681 383 2736; x_wconf 80' lang='lat' dir='ltr'><strong>cic.</strong></span> <span class='ocrx_word' id='word_1_219' title='bbox 400 2682 434 2736; x_wconf 87' lang='lat' dir='ltr'><strong>de</strong></span> <span class='ocrx_word' id='word_1_220' title='bbox 450 2681 510 2735; x_wconf 75' lang='lat' dir='ltr'><strong>Fin&#39;.</strong></span> <span class='ocrx_word' id='word_1_221' title='bbox 527 2681 560 2748; x_wconf 79' lang='grc'><strong>3,</strong></span> <span class='ocrx_word' id='word_1_222' title='bbox 579 2679 627 2746; x_wconf 84' lang='grc'><strong>18,</strong></span> <span class='ocrx_word' id='word_1_223' title='bbox 644 2677 687 2732; x_wconf 81' lang='grc'><strong>59.</strong></span> <span class='ocrx_word' id='word_1_224' title='bbox 711 2681 841 2754; x_wconf 76' lang='lat' dir='ltr'><strong>qnoniam</strong></span> <span class='ocrx_word' id='word_1_225' title='bbox 863 2683 937 2735; x_wconf 81' lang='lat' dir='ltr'><strong>anim</strong></span> <span class='ocrx_word' id='word_1_226' title='bbox 963 2681 1091 2738; x_wconf 75' lang='lat' dir='ltr'><strong>videmus</strong></span> <span class='ocrx_word' id='word_1_227' title='bbox 1109 2702 1174 2740; x_wconf 72' lang='lat' dir='ltr'><strong>etse</strong></span> <span class='ocrx_word' id='word_1_228' title='bbox 1193 2683 1268 2760; x_wconf 76' lang='lat' dir='ltr'><strong>quid·</strong></span> <span class='ocrx_word' id='word_1_229' title='bbox 1314 2677 1315 2758; x_wconf 64' lang='lat' dir='ltr'><strong>l</strong></span> 
     </span>
     <span class='ocr_line' id='line_1_28' title="bbox 292 2761 1267 2844; baseline 0.003 -22"><span class='ocrx_word' id='word_1_230' title='bbox 292 2766 377 2832; x_wconf 82' lang='lat' dir='ltr'><strong>dam,</strong></span> <span class='ocrx_word' id='word_1_231' title='bbox 403 2765 480 2839; x_wconf 81' lang='lat' dir='ltr'><strong>quod</strong></span> <span class='ocrx_word' id='word_1_232' title='bbox 496 2777 567 2822; x_wconf 79' lang='lat' dir='ltr'><strong>recta</strong></span> <span class='ocrx_word' id='word_1_233' title='bbox 576 2761 692 2838; x_wconf 83' lang='lat' dir='ltr'><strong>factam</strong></span> <span class='ocrx_word' id='word_1_234' title='bbox 714 2763 908 2838; x_wconf 66' lang='lat' dir='ltr'><strong>appellemur</strong></span> <span class='ocrx_word' id='word_1_235' title='bbox 934 2765 967 2822; x_wconf 85' lang='lat' dir='ltr'><strong>id</strong></span> <span class='ocrx_word' id='word_1_236' title='bbox 989 2778 1085 2822; x_wconf 83' lang='lat' dir='ltr'><strong>autem</strong></span> <span class='ocrx_word' id='word_1_237' title='bbox 1109 2781 1155 2824; x_wconf 82' lang='lat' dir='ltr'><strong>est</strong></span> <span class='ocrx_word' id='word_1_238' title='bbox 1176 2766 1267 2844; x_wconf 71' lang='lat' dir='ltr'><strong>peq‘c·</strong></span> 
     </span>
     <span class='ocr_line' id='line_1_29' title="bbox 102 2845 1266 2929; baseline 0.002 -23"><span class='ocrx_word' id='word_1_239' title='bbox 102 2869 107 2878; x_wconf 64' lang='lat'>¹</span> <span class='ocrx_word' id='word_1_240' title='bbox 198 2910 205 2929; x_wconf 28' lang='grc' dir='ltr'>ἱ</span> <span class='ocrx_word' id='word_1_241' title='bbox 291 2863 365 2907; x_wconf 85' lang='lat' dir='ltr'><strong>ctum</strong></span> <span class='ocrx_word' id='word_1_242' title='bbox 383 2845 531 2924; x_wconf 68' lang='lat' dir='ltr'><strong>officium:</strong></span> <span class='ocrx_word' id='word_1_243' title='bbox 551 2855 604 2908; x_wconf 82' lang='lat' dir='ltr'><strong>erit</strong></span> <span class='ocrx_word' id='word_1_244' title='bbox 625 2863 720 2906; x_wconf 84' lang='lat' dir='ltr'><strong>autem</strong></span> <span class='ocrx_word' id='word_1_245' title='bbox 743 2853 828 2906; x_wconf 83' lang='lat' dir='ltr'><strong>etiam</strong></span> <span class='ocrx_word' id='word_1_246' title='bbox 853 2850 1020 2906; x_wconf 75' lang='lat' dir='ltr'><strong>inchoatum·</strong></span> <span class='ocrx_word' id='word_1_247' title='bbox 1055 2857 1177 2908; x_wconf 85' lang='lat' dir='ltr'><strong>Bremius</strong></span> <span class='ocrx_word' id='word_1_248' title='bbox 1197 2867 1266 2910; x_wconf 88' lang='lat' dir='ltr'><strong>recte</strong></span> 
     </span>
     <span class='ocr_line' id='line_1_30' title="bbox 231 2935 1315 3024; baseline 0 -32"><span class='ocrx_word' id='word_1_249' title='bbox 231 3002 235 3012; x_wconf 24' lang='lat'>⁵</span> <span class='ocrx_word' id='word_1_250' title='bbox 288 2939 430 3003; x_wconf 83' lang='lat' dir='ltr'><strong>intellexit,</strong></span> <span class='ocrx_word' id='word_1_251' title='bbox 443 2938 521 2990; x_wconf 84' lang='lat' dir='ltr'><strong>verba</strong></span> <span class='ocrx_word' id='word_1_252' title='bbox 539 2936 570 2992; x_wconf 83' lang='lat' dir='ltr'><strong>id</strong></span> <span class='ocrx_word' id='word_1_253' title='bbox 583 2947 677 2992; x_wconf 82' lang='lat' dir='ltr'><strong>autem</strong></span> <span class='ocrx_word' id='word_1_254' title='bbox 689 2949 731 2992; x_wconf 76' lang='lat' dir='ltr'><strong>est</strong></span> <span class='ocrx_word' id='word_1_255' title='bbox 748 2955 778 3010; x_wconf 87' lang='lat' dir='ltr'><strong>p.</strong></span> <span class='ocrx_word' id='word_1_256' title='bbox 795 2935 846 3010; x_wconf 83' lang='lat' dir='ltr'><strong>off.</strong></span> <span class='ocrx_word' id='word_1_257' title='bbox 862 2939 1013 3008; x_wconf 80' lang='lat' dir='ltr'><strong>parenthesi</strong></span> <span class='ocrx_word' id='word_1_258' title='bbox 1029 2941 1176 3006; x_wconf 84' lang='lat' dir='ltr'><strong>contineri,</strong></span> <span class='ocrx_word' id='word_1_259' title='bbox 1194 2959 1266 3012; x_wconf 86' lang='lat' dir='ltr'><strong>quam</strong></span> <span class='ocrx_word' id='word_1_260' title='bbox 1314 2967 1315 3024; x_wconf 53' lang='lat' dir='ltr'><strong>p</strong></span> 
     </span>
     <span class='ocr_line' id='line_1_31' title="bbox 231 3023 1264 3098; baseline 0 -22"><span class='ocrx_word' id='word_1_261' title='bbox 231 3085 236 3098; x_wconf 24' lang='lat' dir='ltr'>k</span> <span class='ocrx_word' id='word_1_262' title='bbox 290 3023 415 3096; x_wconf 82' lang='lat' dir='ltr'><strong>quoniam</strong></span> <span class='ocrx_word' id='word_1_263' title='bbox 432 3039 486 3075; x_wconf 89' lang='lat' dir='ltr'><strong>non</strong></span> <span class='ocrx_word' id='word_1_264' title='bbox 503 3023 635 3092; x_wconf 83' lang='lat' dir='ltr'><strong>cognitam</strong></span> <span class='ocrx_word' id='word_1_265' title='bbox 648 3023 799 3088; x_wconf 86' lang='lat' dir='ltr'><strong>habebant,</strong></span> <span class='ocrx_word' id='word_1_266' title='bbox 817 3023 938 3094; x_wconf 57' lang='lat' dir='ltr'><strong>libeni,</strong></span> <span class='ocrx_word' id='word_1_267' title='bbox 956 3034 985 3076; x_wconf 87' lang='lat' dir='ltr'><strong>ut</strong></span> <span class='ocrx_word' id='word_1_268' title='bbox 1006 3043 1083 3094; x_wconf 84' lang='lat' dir='ltr'><strong>saepe</strong></span> <span class='ocrx_word' id='word_1_269' title='bbox 1101 3027 1264 3090; x_wconf 86' lang='lat' dir='ltr'><strong>factumest,</strong></span> 
     </span>
     <span class='ocr_line' id='line_1_32' title="bbox 290 3107 1315 3177; baseline 0.002 -15"><span class='ocrx_word' id='word_1_270' title='bbox 290 3111 404 3162; x_wconf 86' lang='lat' dir='ltr'><strong>alterum</strong></span> <span class='ocrx_word' id='word_1_271' title='bbox 430 3119 522 3162; x_wconf 80' lang='lat' dir='ltr'><strong>autem</strong></span> <span class='ocrx_word' id='word_1_272' title='bbox 549 3108 712 3162; x_wconf 77' lang='lat' dir='ltr'><strong>inserebant:</strong></span> <span class='ocrx_word' id='word_1_273' title='bbox 740 3125 791 3177; x_wconf 87' lang='lat' dir='ltr'><strong>quo</strong></span> <span class='ocrx_word' id='word_1_274' title='bbox 818 3107 913 3162; x_wconf 85' lang='lat' dir='ltr'><strong>omiauo</strong></span> <span class='ocrx_word' id='word_1_275' title='bbox 930 3109 1002 3161; x_wconf 84' lang='lat' dir='ltr'><strong>redit</strong></span> <span class='ocrx_word' id='word_1_276' title='bbox 1020 3110 1104 3162; x_wconf 88' lang='lat' dir='ltr'><strong>totius</strong></span> <span class='ocrx_word' id='word_1_277' title='bbox 1121 3111 1178 3164; x_wconf 89' lang='lat' dir='ltr'><strong>loci</strong></span> <span class='ocrx_word' id='word_1_278' title='bbox 1195 3111 1263 3162; x_wconf 82' lang='lat' dir='ltr'><strong>inte-</strong></span> <span class='ocrx_word' id='word_1_279' title='bbox 1314 3131 1315 3164; x_wconf 69' lang='lat' dir='ltr'><strong>t</strong></span> 
     </span>
     <span class='ocr_line' id='line_1_33' title="bbox 290 3193 1264 3262; baseline 0.002 -18"><span class='ocrx_word' id='word_1_280' title='bbox 290 3195 384 3262; x_wconf 75' lang='lat' dir='ltr'><strong>gaitae.</strong></span> <span class='ocrx_word' id='word_1_281' title='bbox 416 3193 475 3246; x_wconf 88' lang='lat' dir='ltr'><strong>Hoc</strong></span> <span class='ocrx_word' id='word_1_282' title='bbox 497 3193 673 3262; x_wconf 86' lang='lat' dir='ltr'><strong>probaverunt</strong></span> <span class='ocrx_word' id='word_1_283' title='bbox 688 3193 842 3256; x_wconf 77' lang='lat' dir='ltr'><strong>Lambinus,</strong></span> <span class='ocrx_word' id='word_1_284' title='bbox 863 3193 1014 3262; x_wconf 80' lang='lat' dir='ltr'><strong>Erueatins,</strong></span> <span class='ocrx_word' id='word_1_285' title='bbox 1034 3195 1143 3246; x_wconf 82' lang='lat' dir='ltr'><strong>Beierna</strong></span> <span class='ocrx_word' id='word_1_286' title='bbox 1162 3196 1196 3248; x_wconf 86' lang='lat' dir='ltr'><strong>ad</strong></span> <span class='ocrx_word' id='word_1_287' title='bbox 1212 3196 1264 3247; x_wconf 85' lang='lat' dir='ltr'><strong>Cic.</strong></span> 
     </span>
     <span class='ocr_line' id='line_1_34' title="bbox 248 3273 1263 3350; baseline 0.006 -22"><span class='ocrx_word' id='word_1_288' title='bbox 248 3319 255 3328; x_wconf 94' lang='lat'><em>.</em></span> <span class='ocrx_word' id='word_1_289' title='bbox 288 3277 342 3330; x_wconf 86' lang='lat' dir='ltr'><strong>off.</strong></span> <span class='ocrx_word' id='word_1_290' title='bbox 359 3278 435 3330; x_wconf 88' lang='lat' dir='ltr'><strong>Tom.</strong></span> <span class='ocrx_word' id='word_1_291' title='bbox 456 3275 480 3328; x_wconf 88' lang='lat'><strong>1.</strong></span> <span class='ocrx_word' id='word_1_292' title='bbox 503 3293 531 3345; x_wconf 87' lang='lat' dir='ltr'><strong>p.</strong></span> <span class='ocrx_word' id='word_1_293' title='bbox 549 3273 593 3326; x_wconf 71' lang='grc'><strong>20.</strong></span> <span class='ocrx_word' id='word_1_294' title='bbox 606 3285 646 3331; x_wconf 81' lang='lat' dir='ltr'><strong>‚et</strong></span> <span class='ocrx_word' id='word_1_295' title='bbox 667 3293 751 3346; x_wconf 85' lang='lat' dir='ltr'><strong>nuper</strong></span> <span class='ocrx_word' id='word_1_296' title='bbox 776 3275 922 3346; x_wconf 76' lang='lat' dir='ltr'><strong>Madvigius</strong></span> <span class='ocrx_word' id='word_1_297' title='bbox 940 3279 969 3330; x_wconf 87' lang='lat' dir='ltr'><strong>in</strong></span> <span class='ocrx_word' id='word_1_298' title='bbox 992 3280 1130 3336; x_wconf 75' lang='lat' dir='ltr'><strong>Emendat.</strong></span> <span class='ocrx_word' id='word_1_299' title='bbox 1156 3299 1185 3350; x_wconf 87' lang='lat' dir='ltr'><strong>p.</strong></span> <span class='ocrx_word' id='word_1_300' title='bbox 1207 3279 1263 3334; x_wconf 69' lang='lat'><strong>142</strong></span> 
     </span>
     <span class='ocr_line' id='line_1_35' title="bbox 272 3359 1264 3438; baseline 0.003 -23"><span class='ocrx_word' id='word_1_301' title='bbox 272 3363 345 3428; x_wconf 73' lang='lat' dir='ltr'><strong>llic.</strong></span> <span class='ocrx_word' id='word_1_302' title='bbox 366 3359 399 3415; x_wconf 88' lang='lat' dir='ltr'><strong>de</strong></span> <span class='ocrx_word' id='word_1_303' title='bbox 424 3365 490 3431; x_wconf 85' lang='lat' dir='ltr'><strong>Rep.</strong></span> <span class='ocrx_word' id='word_1_304' title='bbox 516 3361 547 3428; x_wconf 89' lang='lat'><strong>1,</strong></span> <span class='ocrx_word' id='word_1_305' title='bbox 573 3359 616 3413; x_wconf 77' lang='lat' dir='ltr'><strong>tt.</strong></span> <span class='ocrx_word' id='word_1_306' title='bbox 643 3363 670 3418; x_wconf 75' lang='lat' dir='ltr'><strong>si</strong></span> <span class='ocrx_word' id='word_1_307' title='bbox 694 3361 805 3436; x_wconf 78' lang='lat' dir='ltr'><strong>quando</strong></span> <span class='ocrx_word' id='word_1_308' title='bbox 822 3373 873 3418; x_wconf 82' lang='lat' dir='ltr'><strong>aut</strong></span> <span class='ocrx_word' id='word_1_309' title='bbox 896 3366 1046 3436; x_wconf 74' lang='lat' dir='ltr'><strong>regiteste</strong></span> <span class='ocrx_word' id='word_1_310' title='bbox 1064 3365 1264 3438; x_wconf 80' lang='lat' dir='ltr'><strong>vimpopulas</strong></span> 
     </span>
     <span class='ocr_line' id='line_1_36' title="bbox 288 3444 1263 3522; baseline 0.002 -20"><span class='ocrx_word' id='word_1_311' title='bbox 288 3444 435 3520; x_wconf 78' lang='lat' dir='ltr'><strong>attulerit,</strong></span> <span class='ocrx_word' id='word_1_312' title='bbox 454 3463 573 3516; x_wconf 76' lang='lat' dir='ltr'><strong>regnove</strong></span> <span class='ocrx_word' id='word_1_313' title='bbox 588 3464 651 3500; x_wconf 81' lang='lat' dir='ltr'><strong>aum</strong></span> <span class='ocrx_word' id='word_1_314' title='bbox 669 3447 822 3518; x_wconf 81' lang='lat' dir='ltr'><strong>spoliavit,</strong></span> <span class='ocrx_word' id='word_1_315' title='bbox 849 3451 1002 3504; x_wconf 81' lang='lat' dir='ltr'><strong>autetiam</strong></span> <span class='ocrx_word' id='word_1_316' title='bbox 1021 3449 1052 3504; x_wconf 78' lang='lat' dir='ltr'><strong>td</strong></span> <span class='ocrx_word' id='word_1_317' title='bbox 1076 3450 1155 3522; x_wconf 83' lang='lat' dir='ltr'><strong>quod</strong></span> <span class='ocrx_word' id='word_1_318' title='bbox 1172 3457 1263 3506; x_wconf 80' lang='lat' dir='ltr'><strong>euenit</strong></span> 
     </span>
     <span class='ocr_line' id='line_1_37' title="bbox 288 3533 1263 3608; baseline 0.004 -22"><span class='ocrx_word' id='word_1_319' title='bbox 288 3534 418 3599; x_wconf 70' lang='lat' dir='ltr'><strong>saeptus,</strong></span> <span class='ocrx_word' id='word_1_320' title='bbox 447 3533 626 3602; x_wconf 75' lang='lat' dir='ltr'><strong>optimatium</strong></span> <span class='ocrx_word' id='word_1_321' title='bbox 640 3533 802 3604; x_wconf 74' lang='lat' dir='ltr'><strong>sanguinem</strong></span> <span class='ocrx_word' id='word_1_322' title='bbox 816 3536 958 3604; x_wconf 75' lang='lat' dir='ltr'><strong>gustavit,</strong></span> <span class='ocrx_word' id='word_1_323' title='bbox 976 3553 1009 3586; x_wconf 82' lang='lat' dir='ltr'><strong>ac</strong></span> <span class='ocrx_word' id='word_1_324' title='bbox 1029 3544 1120 3588; x_wconf 81' lang='lat' dir='ltr'><strong>totam</strong></span> <span class='ocrx_word' id='word_1_325' title='bbox 1136 3555 1195 3591; x_wconf 80' lang='lat' dir='ltr'><strong>rem</strong></span> <span class='ocrx_word' id='word_1_326' title='bbox 1212 3555 1263 3608; x_wconf 84' lang='lat' dir='ltr'><strong>pu·</strong></span> 
     </span>
    </p>
   </div>
   <div class='ocr_carea' id='block_1_6' title="bbox 1270 2471 1315 2580">
    <p class='ocr_par' dir='ltr' id='par_1_7' title="bbox 1270 2447 1315 2580">
     <span class='ocr_line' id='line_1_38' title="bbox 1270 2471 1282 2505; baseline 0 49"><span class='ocrx_word' id='word_1_327' title='bbox 1270 2471 1282 2505; x_wconf 78' lang='grc'><strong><em>’</em></strong></span> 
     </span>
     <span class='ocr_line' id='line_1_39' title="bbox 1314 2559 1315 2580; baseline 0 0"><span class='ocrx_word' id='word_1_328' title='bbox 1314 2559 1315 2580; x_wconf 29' lang='lat' dir='ltr'><strong>i</strong></span> 
     </span>
    </p>
   </div>
   <div class='ocr_carea' id='block_1_7' title="bbox 286 3698 1262 4202">
    <p class='ocr_par' dir='ltr' id='par_1_8' title="bbox 286 3698 1262 4202">
     <span class='ocr_line' id='line_1_40' title="bbox 288 3698 1262 3780; baseline 0.007 -25"><span class='ocrx_word' id='word_1_329' title='bbox 288 3699 381 3756; x_wconf 68' lang='lat' dir='ltr'><strong>:allum</strong></span> <span class='ocrx_word' id='word_1_330' title='bbox 398 3712 448 3755; x_wconf 83' lang='lat' dir='ltr'><strong>aut</strong></span> <span class='ocrx_word' id='word_1_331' title='bbox 459 3698 607 3771; x_wconf 76' lang='lat' dir='ltr'><strong>flammam</strong></span> <span class='ocrx_word' id='word_1_332' title='bbox 630 3718 689 3756; x_wconf 81' lang='lat' dir='ltr'><strong>etse</strong></span> <span class='ocrx_word' id='word_1_333' title='bbox 709 3708 831 3767; x_wconf 82' lang='lat' dir='ltr'><strong>tantam,</strong></span> <span class='ocrx_word' id='word_1_334' title='bbox 856 3721 939 3776; x_wconf 82' lang='lat' dir='ltr'><strong>qaam</strong></span> <span class='ocrx_word' id='word_1_335' title='bbox 959 3721 1014 3780; x_wconf 77' lang='lat' dir='ltr'><strong>poa</strong></span> <span class='ocrx_word' id='word_1_336' title='bbox 1024 3699 1148 3774; x_wconf 80' lang='lat' dir='ltr'><strong>facilius</strong></span> <span class='ocrx_word' id='word_1_337' title='bbox 1166 3709 1207 3760; x_wconf 84' lang='lat' dir='ltr'><strong>sit</strong></span> <span class='ocrx_word' id='word_1_338' title='bbox 1223 3723 1262 3762; x_wconf 80' lang='lat' dir='ltr'><strong>te·</strong></span> 
     </span>
     <span class='ocr_line' id='line_1_41' title="bbox 286 3775 1261 3860; baseline 0.003 -19"><span class='ocrx_word' id='word_1_339' title='bbox 286 3783 356 3841; x_wconf 78' lang='lat' dir='ltr'><strong>dare</strong></span> <span class='ocrx_word' id='word_1_340' title='bbox 373 3805 456 3860; x_wconf 81' lang='lat' dir='ltr'><strong>qaam</strong></span> <span class='ocrx_word' id='word_1_341' title='bbox 472 3783 635 3860; x_wconf 73' lang='lat' dir='ltr'><strong>effrenatam</strong></span> <span class='ocrx_word' id='word_1_342' title='bbox 654 3783 803 3841; x_wconf 81' lang='lat' dir='ltr'><strong>insolentia</strong></span> <span class='ocrx_word' id='word_1_343' title='bbox 821 3775 1034 3843; x_wconf 74' lang='lat' dir='ltr'><strong>multitudinem.</strong></span> <span class='ocrx_word' id='word_1_344' title='bbox 1067 3791 1200 3858; x_wconf 88' lang='lat' dir='ltr'><strong>Equidem</strong></span> <span class='ocrx_word' id='word_1_345' title='bbox 1217 3794 1261 3844; x_wconf 81' lang='lat' dir='ltr'><strong>fa-</strong></span> 
     </span>
     <span class='ocr_line' id='line_1_42' title="bbox 289 3869 1261 3946; baseline 0.007 -24"><span class='ocrx_word' id='word_1_346' title='bbox 289 3881 359 3936; x_wconf 88' lang='lat' dir='ltr'><strong>teor,</strong></span> <span class='ocrx_word' id='word_1_347' title='bbox 370 3869 417 3923; x_wconf 85' lang='lat' dir='ltr'><strong>&#39;me</strong></span> <span class='ocrx_word' id='word_1_348' title='bbox 433 3889 559 3942; x_wconf 86' lang='lat' dir='ltr'><strong>nusquam</strong></span> <span class='ocrx_word' id='word_1_349' title='bbox 575 3869 704 3925; x_wconf 77' lang='lat' dir='ltr'><strong>invenisse</strong></span> <span class='ocrx_word' id='word_1_350' title='bbox 722 3873 825 3925; x_wconf 87' lang='lat' dir='ltr'><strong>modum</strong></span> <span class='ocrx_word' id='word_1_351' title='bbox 841 3873 922 3940; x_wconf 82' lang='lat' dir='ltr'><strong>magis</strong></span> <span class='ocrx_word' id='word_1_352' title='bbox 936 3871 1093 3944; x_wconf 77' lang='lat' dir='ltr'><strong>perversum,</strong></span> <span class='ocrx_word' id='word_1_353' title='bbox 1109 3891 1192 3942; x_wconf 84' lang='lat' dir='ltr'><strong>quam</strong></span> <span class='ocrx_word' id='word_1_354' title='bbox 1210 3893 1261 3946; x_wconf 88' lang='lat' dir='ltr'><strong>quo</strong></span> 
     </span>
     <span class='ocr_line' id='line_1_43' title="bbox 287 3949 1259 4028; baseline 0.002 -18"><span class='ocrx_word' id='word_1_355' title='bbox 287 3957 430 4010; x_wconf 78' lang='lat' dir='ltr'><strong>Greuzerua</strong></span> <span class='ocrx_word' id='word_1_356' title='bbox 448 3957 518 4010; x_wconf 89' lang='lat' dir='ltr'><strong>huuc</strong></span> <span class='ocrx_word' id='word_1_357' title='bbox 533 3949 620 4008; x_wconf 81' lang='lat' dir='ltr'><strong>locuni</strong></span> <span class='ocrx_word' id='word_1_358' title='bbox 639 3949 783 4023; x_wconf 55' lang='lat' dir='ltr'><strong>tractavit„</strong></span> <span class='ocrx_word' id='word_1_359' title='bbox 806 3959 874 4012; x_wconf 87' lang='lat' dir='ltr'><strong>Nam</strong></span> <span class='ocrx_word' id='word_1_360' title='bbox 889 3957 1043 4028; x_wconf 79' lang='lat' dir='ltr'><strong>descriptis,</strong></span> <span class='ocrx_word' id='word_1_361' title='bbox 1066 3975 1130 4026; x_wconf 79' lang='lat' dir='ltr'><strong>quaa</strong></span> <span class='ocrx_word' id='word_1_362' title='bbox 1147 3960 1182 4012; x_wconf 86' lang='lat' dir='ltr'><strong>iu</strong></span> <span class='ocrx_word' id='word_1_363' title='bbox 1198 3962 1259 4014; x_wconf 86' lang='lat' dir='ltr'><strong>col-</strong></span> 
     </span>
     <span class='ocr_line' id='line_1_44' title="bbox 287 4041 1258 4116; baseline 0.004 -22"><span class='ocrx_word' id='word_1_364' title='bbox 287 4043 416 4096; x_wconf 75' lang='lat' dir='ltr'><strong>lectaneis</strong></span> <span class='ocrx_word' id='word_1_365' title='bbox 432 4041 467 4094; x_wconf 85' lang='lat' dir='ltr'><strong>ad</strong></span> <span class='ocrx_word' id='word_1_366' title='bbox 484 4057 542 4094; x_wconf 75' lang='lat' dir='ltr'><strong>roc.</strong></span> <span class='ocrx_word' id='word_1_367' title='bbox 557 4051 651 4095; x_wconf 82' lang='lat' dir='ltr'><strong>autem</strong></span> <span class='ocrx_word' id='word_1_368' title='bbox 667 4051 771 4094; x_wconf 75' lang='lat' dir='ltr'><strong>notatas</strong></span> <span class='ocrx_word' id='word_1_369' title='bbox 790 4041 915 4111; x_wconf 75' lang='lat' dir='ltr'><strong>habebat,</strong></span> <span class='ocrx_word' id='word_1_370' title='bbox 931 4042 1157 4098; x_wconf 75' lang='lat' dir='ltr'><strong>observationibus</strong></span> <span class='ocrx_word' id='word_1_371' title='bbox 1176 4064 1258 4116; x_wconf 83' lang='lat' dir='ltr'><strong>pror-</strong></span> 
     </span>
     <span class='ocr_line' id='line_1_45' title="bbox 286 4127 1260 4202; baseline 0.003 -22"><span class='ocrx_word' id='word_1_372' title='bbox 286 4143 330 4180; x_wconf 73' lang='lat' dir='ltr'><strong>rua</strong></span> <span class='ocrx_word' id='word_1_373' title='bbox 353 4127 447 4182; x_wconf 78' lang='lat' dir='ltr'><strong>alienis</strong></span> <span class='ocrx_word' id='word_1_374' title='bbox 475 4127 514 4198; x_wconf 79' lang='lat' dir='ltr'><strong>(iu</strong></span> <span class='ocrx_word' id='word_1_375' title='bbox 537 4127 631 4200; x_wconf 75' lang='lat' dir='ltr'><strong>quibus</strong></span> <span class='ocrx_word' id='word_1_376' title='bbox 651 4127 790 4182; x_wconf 82' lang='lat' dir='ltr'><strong>Goerenzii</strong></span> <span class='ocrx_word' id='word_1_377' title='bbox 813 4136 903 4186; x_wconf 80' lang='lat' dir='ltr'><strong>notatu</strong></span> <span class='ocrx_word' id='word_1_378' title='bbox 924 4128 958 4184; x_wconf 82' lang='lat' dir='ltr'><strong>ad</strong></span> <span class='ocrx_word' id='word_1_379' title='bbox 981 4128 1036 4185; x_wconf 84' lang='lat' dir='ltr'><strong>cic.</strong></span> <span class='ocrx_word' id='word_1_380' title='bbox 1053 4129 1133 4184; x_wconf 81' lang='lat' dir='ltr'><strong>Acad.</strong></span> <span class='ocrx_word' id='word_1_381' title='bbox 1151 4148 1180 4202; x_wconf 82' lang='lat' dir='ltr'><strong>p.</strong></span> <span class='ocrx_word' id='word_1_382' title='bbox 1201 4130 1260 4186; x_wconf 78' lang='lat'><strong>176.</strong></span> 
     </span>
    </p>
   </div>
   <div class='ocr_carea' id='block_1_8' title="bbox 0 0 1336 4744">
    <p class='ocr_par' dir='ltr' id='par_1_9' title="bbox 0 0 1336 4744">
     <span class='ocr_line' id='line_1_46' title="bbox 0 0 1336 4744; baseline 0 1"><span class='ocrx_word' id='word_1_383' title='bbox 0 0 1336 4744; x_wconf 95' lang='lat' dir='ltr'><strong> </strong></span> 
     </span>
    </p>
   </div>
  </div>
 </body>
</html>
