2726 4746
314 343 322 378 s
409 300 653 409 „arnan
695 301 760 368 sc.
941 356 950 382 .
1076 306 1164 392 aas⁵

89 457 151 544 qni
166 455 270 519 aliena
294 456 575 542 argumentatione
591 458 695 544 magis
718 477 817 544 quam
839 459 1038 542 argumentis
1056 479 1132 522 usus

90 552 159 622 est,
183 539 435 627 Ramsbornius.
484 541 542 606 llli¹
556 543 669 606 multis
689 543 822 616 tutonis
838 539 1019 606 consentire
1039 545 1134 608 codi·
1159 567 1165 580 .

91 651 146 690 ces
162 626 285 706 dicunt,
300 637 332 690 et
346 637 421 713 post
441 625 500 691 alia
515 627 610 690 verba
627 629 660 692 in
680 628 705 690 C
724 629 874 692 exeuntia
890 627 1038 694 vocalem
1061 653 1134 714 spe-

87 734 134 799 pe
150 711 308 798 reperiri,
330 712 430 776 veluti
444 736 505 777 neo
523 713 798 788 allestannus
822 704 854 776 et'
878 723 954 798 post
971 714 1133 778 sinucius.-

7 829 8 832 ¹
89 799 154 862 etsi
168 799 482 884 essentscriptores,
508 801 563 884 qui
589 809 778 868 constanter
794 799 993 862 abstinerent
1010 799 1049 862 ab
1069 798 1151 868 hoc,

85 905 171 960 usu,
191 892 303 946 tamen
345 906 383 948 ro
399 883 509 968 regula
524 885 557 948 id
574 887 755 968 numquam
774 884 872 947 suisse
891 883 1058 952 hemitumz
1080 883 1145 949 hie'

89 967 182 1034 addit
198 907 705 1056 exemplasseinscriptionibus.
748 969 841 1048 Quae
859 979 946 1034 utre
972 969 1133 1045 robraret‚
1186 1003 1190 1016 ‹
1329 1013 1332 1034 t

62 1053 282 1144 ‘nuperrime
311 1053 524 1118 Frotscherus
549 1055 734 1140 Excursum
763 1055 893 1140 scripsit
918 992 969 1118 ad
978 1056 1135 1135 Quinctil.
1230 1115 1238 1128 s
1286 1092 1292 1100 =

86 1137 179 1204 Libr.
199 1140 278 1202 Dec.
294 1162 329 1225 p.
345 1142 418 1208 257.
438 1141 556 1226 inquo
575 1151 607 1206 et
625 1163 759 1227 parvam
776 1163 842 1204 esse
861 1139 1003 1214 ostendit
1019 1152 1135 1207 auoto—
1196 1166 1202 1180 .
1233 1187 1241 1207 .

87 1225 223 1289 ritatem
237 1225 508 1310 inscriptionum,
561 1247 677 1294 uarum
695 1226 736 1289 de
751 1226 936 1310 integritate
954 1249 990 1290 aa
1005 1225 1069 1290 fide
1083 1227 1136 1290 ui-

87 1308 140 1374 hil
158 1318 302 1390 constet,
327 1321 361 1375 et
378 1331 551 1397 easquae
579 1311 786 1377 amabornius
801 1311 912 1391 affert,
944 1321 999 1374 aut
1023 1313 1136 1400 spuria
1239 1339 1242 1354 .

88 1403 147 1459 aut
160 1395 246 1473 male
264 1395 426 1482 descripta
445 1419 532 1476 esse,
554 1407 626 1460 tuan
641 1397 675 1460 in
690 1397 741 1460 his
757 1396 854 1462 rebus
871 1395 939 1482 peti
953 1419 1026 1460 non
1037 1419 1136 1486 posse

89 1491 321 1567 argumentum
340 1503 511 1554 enumero
535 1482 687 1546 codicum
705 1493 736 1544 ct
752 1483 792 1546 ab
818 1481 1015 1546 editionibus
1029 1483 1136 1570 negli-
1162 1551 1165 1560 Α

69 1567 77 1582 ‘
88 1563 394 1654 genter-consectis:
418 1587 616 1638 namucum
636 1567 760 1632 librum
782 1567 821 1630 ad
839 1567 1137 1632 demonstrandum

90 1674 239 1716 errorem
255 1650 415 1730 sufficere,
430 1663 470 1718 ,et
485 1653 579 1724 loooe
593 1651 745 1720 nondum
762 1662 930 1716 correctos
947 1663 1137 1739 exspectare
1179 1720 1182 1732 Ι

69 1747 74 1756 '
89 1759 186 1802 suam
204 1739 487 1811 emendationem
511 1736 653 1824 denique
669 1740 836 1804 insuavem
856 1739 922 1806 oris
937 1736 1063 1802 hiatum
1079 1759 1136 1802 ve-

89 1834 195 1902 teres,
226 1823 283 1892 ubi
307 1823 436 1902 liceret,
468 1823 610 1896 studiose
642 1825 796 1903 evitasse,
828 1824 863 1888 in
888 1821 1053 1888 vocabulo
1070 1823 1145 1887 bac·

91 1909 213 1973 evitare
228 1931 296 1972 non
319 1909 486 1996 potuisse,
516 1910 548 1983 in
567 1932 627 1974 neo
646 1921 721 1974 aute
744 1908 892 1993 poculum
915 1911 1027 1996 posito
1047 1909 1137 1972 mol·
1217 1929 1231 1980 κ
1324 1945 1332 1966 .

89 1994 167 2058 liori
180 2015 265 2058 sono
279 1988 493 2082 temperasse.
537 1989 668 2060 Scilicet
692 2002 842 2070 auctores
858 1991 1051 2078 depravatae
1070 1991 1138 2057 ale·
1185 2033 1187 2038 ,

63 2101 67 2110 “
90 2080 239 2166 gantiae,
267 2089 389 2166 etpost
404 2103 461 2144 cos
485 2081 612 2144 indocti
628 2077 752 2138 librarii
776 2081 923 2152 animum
947 2095 1042 2138 suum
1065 2095 1138 2136 non

91 2165 133 2229 ad
150 2161 238 2229 hunc
255 2181 385 2231 moi-em,
407 2167 558 2234 omnium
581 2159 749 2222 bonorum
773 2163 971 2244 scriptorum
988 2157 1137 2244 applica-

89 2255 188 2318 runt,
209 2268 269 2308 nec
285 2244 408 2315 mirum
428 2242 492 2308 hoc
514 2245 658 2308 videtur:
673 2250 679 2261 “
692 2254 723 2306 at
741 2243 1031 2328 grammaticorum
1048 2251 1138 2304 vete·

88 2351 167 2396 rum
183 2331 349 2392 neminem
368 2329 407 2390 de
426 2327 485 2392 bac
502 2351 537 2392 re
554 2329 738 2404 distinctius,
754 2325 974 2414 praecepisse,
1000 2327 1033 2391 id
1052 2348 1139 2412 pro-

89 2413 181 2478 fecto
208 2414 321 2483 mirari
344 2413 429 2490 licet.
480 2413 695 2478 schwartzius
729 2413 763 2487 in
793 2414 1001 2478 Monument.
1026 2413 1137 2498 ingen.

90 2499 133 2564 T.
152 2498 180 2564 l.
208 2521 238 2585 p.
265 2499 337 2571 148.
366 2511 397 2562 et
421 2499 460 2566 ad
485 2499 515 2563 T
519 2499 663 2566 ursellin.
682 2498 938 2586 megligentiores¹
960 2500 994 2567 iu
1016 2497 1078 2562 hae
1101 2519 1138 2560 re

90 2584 192 2650 fuisse
208 2584 344 2670 putabat
361 2586 575 2661 Suetonium,
600 2585 732 2661 Celsum
751 2596 784 2648 et
800 2585 890 2652 alios.
940 2583 1138 2650 Suetonium

91 2669 202 2735 autem
219 2669 260 2732 ab
279 2668 337 2744 hae
355 2671 542 2756 suspicione
563 2670 726 2736 vindicare
745 2681 883 2734 conatus
901 2668 1138 2738 estBu'rmann.
1197 2741 1199 2746 ¹

93 2756 134 2822 ud
150 2757 241 2820 Caes.
256 2759 308 2818 27.
325 2765 357 2818 et
377 2757 415 2818 ad
434 2757 534 2842 Calig.
553 2759 602 2818 3.:
627 2755 661 2828 in
686 2754 771 2818 Celsi
787 2755 868 2820 locis
884 2754 1036 2840 plurimis
1051 2754 1138 2816 anti-

93 2839 351 2929 quae-editiones
366 2840 505 2904 meliora
522 2837 696 2916 exhibent,
720 2849 751 2902 et
765 2839 804 2918 4,
828 2843 881 2910 10.
892 2837 1140 2907 'restituendum

92 2938 143 2993 est
168 2925 235 2989 vel:
268 2948 309 2990 ac
330 2947 432 3014 super
453 2947 578 3011 pioque
601 2935 691 2992 recte
716 2923 887 3010 quaedam
917 2925 1140 3011 malagmata
1192 2929 1195 2940 '

31 3047 35 3058 ·
92 3013 297 3080 iniiciuntur
313 3011 363 3074 vel
379 3021 478 3097 atque
496 3011 792 3100 insuperquoque:
814 3009 853 3072 dc
895 3029 937 3072 uo
954 3009 1051 3078 iufra.
1089 3009 1142 3072 De

94 3100 254 3164 Cicerone
271 3107 304 3159 ct
320 3098 458 3164 Caesare
478 3094 670 3168 iamdudum
689 3095 746 3156 viri
763 3095 850 3158 docti
870 3031 1018 3159 latitare
1033 3093 1141 3156 desie·
1226 3176 1231 3181 ἦ
1292 3093 1295 3100 ‘

67 3257 74 3266 ,
92 3193 193 3268 runt,
216 3185 257 3246 ne
274 3181 457 3267 imperitiae
477 3181 613 3254 nomine
631 3205 648 3244 a
665 3178 794 3251 Wolfio
813 3180 852 3242 ad
870 3180 960 3260 Suet.
978 3182 1067 3244 Caes.
1088 3182 1140 3246 26.
1180 3241 1183 3246 .

95 3269 185 3337 irrisi
204 3267 408 3330 viderentur:
434 3265 473 3330 de
497 3267 580 3338 Liuii
605 3285 665 3328 usu
689 3265 864 3353 disputavit
886 3263 1139 3330 Drakenborch.

94 3356 120 3420 l.
137 3353 160 3418 l.
204 3353 255 3416 Ex
271 3353 310 3434 iis
328 3373 422 3420 vero.
448 3373 530 3438 quae
557 3351 648 3416 nullo
675 3351 781 3422 adhuc
802 3351 962 3419 librorum
982 3349 1141 3430 subsidio,

95 3439 154 3506 sed
168 3439 298 3500 tantum
318 3439 357 3502 de
374 3437 560 3508 coniectura
578 3435 699 3520 corrigi
714 3446 886 3524 poterant,
911 3437 990 3500 baec
1004 3435 1141 3513 notabo,

95 3525 249 3610 reliquis,
280 3523 452 3608 inquibus
478 3521 716 3594 Ramshornius
741 3532 772 3586 et
793 3521 844 3604 alii
869 3523 971 3590 libros
991 3521 1155 3585 nondum

96 3609 290 3684 emendatos
306 3607 543 3684 adhibuerunt,
566 3629 647 3692 quae
665 3607 768 3672 multe
784 3617 878 3686 sunt,
901 3607 1040 3680 omissis,
1075 3607 1141 3669 Cic.

96 3697 137 3762 ad
154 3697 299 3772 Att..13‚
321 3693 374 3756 48.
398 3716 440 3756 oc
455 3716 492 3758 eo
504 3693 702 3780 properari.
724 3693 764 3773 4,
789 3697 847 3771 16,
868 3699 902 3765 6.
921 3691 1078 3760 libertum
1099 3713 1142 3754 ac

98 3789 288 3847 accensum.
320 3779 377 3842 ubi
400 3777 566 3840 Ernestius
586 3778 738 3864 copulam
762 3776 897 3854 deleuit,
923 3778 1093 3842 Schutcius
1110 3787 1143 3850 et
1178 3806 1203 3832 ·-

97 3865 241 3952 scripsit.
270 3861 351 3928 illud
377 3858 489 3926 verum
514 3873 546 3924 et
570 3863 609 3925 ab
636 3864 711 3932 edit.
742 3861 840 3932 Rom.
871 3865 936 3938 iam
961 3873 1142 3948 acceptum.
1354 3903 1357 3948 ,

97 3953 139 4018 ad
159 3951 273 4030 Quint.
290 3956 327 4030 2,
350 3954 380 4013 6.
404 3947 507 4011 simui
530 3945 650 4014 baille
667 3951 803 4015 venerit.
824 3989 827 3996 ,
847 3947 945 4014 Tusc.
963 3955 1003 4024 2,
1029 3951 1067 4026 5,
1092 3951 1142 4009 13.
1355 3965 1356 4008 t

93 4033 289 4128 falsumque
319 4031 407 4098 illud
438 4057 480 4098 ac
511 4031 679 4118 improbe:
721 4027 989 4122 quod'Muretus
1017 4031 1145 4118 egregie
1355 4025 1356 4044 ¹

60 4153 70 4173 =
100 4121 298 4208 emendarit.
335 4122 464 4184 Locum
484 4119 577 4184 Varr.
601 4117 757 4206 deLing.
785 4120 841 4186 lat.
865 4124 904 4201 8,
929 4127 957 4187 1.
980 4117 1038 4182 nbi
1059 4116 1144 4203 legi·
1353 4057 1356 4265 Ι

99 4221 160 4274 tur
179 4230 221 4273 ac
241 4203 341 4283 iude,
364 4225 463 4270 nemo
479 4226 555 4269 «non
580 4205 668 4268 videt
697 4207 890 4292 corruptum
922 4226 1001 4268 esse.
1027 4201 1098 4268 Liv.
1112 4206 1144 4274 3,
1352 4289 1355 4344 1
