2760 4748
252 349 344 411 aas,
410 343 413 352 ·
488 395 490 405 ,
588 359 591 378 ·
705 343 833 410 ANTE.
886 365 962 454 s,

252 510 450 587 separatur,
493 510 733 584 antepono,
764 511 865 565 ante
895 497 1083 581 domum,
1119 511 1153 566 et
1176 483 1292 588 signai-

192 579 198 598 '
244 585 336 674 fleat
371 583 430 666 πρὸ
464 606 667 671 graecam„
698 583 842 650 localem
881 596 915 660 et
954 571 1200 671 ¹temporalem,
1243 598 1292 651 'nt

252 683 425 750 antece,
446 664 685 754 conceptiones,
723 683 826 736 ante
856 669 1118 756 anatem,‘npd
1143 675 1291 737 ἐνιαυτοῦ.

250 755 424 822 Invenitur
439 757 544 820 etiam
559 755 632 818 sine
647 778 747 836 casu,
764 757 816 820 'in
838 779 901 843 quo
916 757 989 820 loco
1014 757 1182 855 αιίηενὸιϊῃ
1197 782 1291 822 occe-

242 843 353 930 pitnr.
397 837 583 928 Significat
605 841 695 904 enim
712 853 867 922 antea,
888 841 977 929 qnod
998 855 1047 906 est
1064 842 1161 929 apud
1177 843 1290 908 Grae-

249 949 305 990 cos
318 924 471 1012 πρότερον.
514 927 721 992 Recentiorcs
749 927 900 990 doctores
916 927 1092 991 ablativum
1110 953 1128 992 a
1143 951 1225 1015 prae
1250 952 1289 994 o-

160 1001 165 1017 ’
248 1012 368 1076 sitione
382 1013 453 1100 regi
466 1023 523 1090 aut
536 1009 710 1097 negabant,
733 1021 771 1076 ut
784 1012 925 1098 Bangius
944 1035 979 1100 p.
999 1017 1103 1089 1189t,
1126 1025 1184 1078 aut
1198 952 1288 1079 nlilit-

247 1097 386 1164 mabaat
405 1098 555 1185 ambigua
577 1097 710 1184 quidem
734 1099 910 1162 sententia:
940 1120 1018 1162 nam
1039 1099 1287 1164 Ruddimannus

249 1183 352 1248 Tem.
368 1183 395 1248 Ι.
416 1207 451 1272 p.
468 1189 543 1277 29].
558 1182 646 1246 hunc
666 1183 841 1250 ablativum
858 1182 1000 1272 explicat
1016 1184 1126 1250 addito
1143 1185 1192 1248 in.
1225 1184 1286 1251 Res

248 1269 320 1356 ipsa
337 1271 382 1333 ita
398 1291 432 1332 se
448 1269 557 1332 habet.
599 1267 706 1332 Latini
714 1268 826 1334 locum
841 1269 889 1334 rei
905 1270 1105 1355 antepositae
1116 1280 1148 1334 et
1157 1281 1286 1359 tempus

247 1365 471 1442 antegressum
496 1353 708 1440 designabant
735 1357 870 1418 notione
894 1354 1082 1420 directionis
1101 1355 1135 1418 in
1161 1362 1287 1443 eertum
1356 1373 1357 1378 ’

245 1441 445 1521 terminum,
468 1461 558 1526 quae
575 1437 762 1504 accusativo
785 1449 930 1503 notatur.
975 1440 1069 1520 Quae
1093 1441 1285 1528 interposita

246 1537 322 1590 sunt
338 1525 444 1614 spatio
459 1525 510 1591 vel
525 1537 694 1610 tempore,
716 1524 943 1612 exprimebant
959 1525 1098 1591 ablativo
1117 1549 1203 1606 casu,
1220 1550 1284 1616 quo

244 1633 358 1676 rerum
374 1612 466 1682 locus
489 1621 521 1676 et
542 1609 704 1696 temporis
726 1632 803 1696 pars
828 1609 1058 1696 significatur.
1092 1611 1203 1690 Quare
1226 1614 1285 1676 ali,

246 1709 406 1783 quantum
420 1695 575 1762 differunt
594 1716 690 1758 sensu
705 1694 767 1758 hae
784 1695 941 1760 dictiones
962 1707 1042 1760 ante
1059 1699 1205 1782 quatuor
1221 1722 1285 1762 an-

166 1796 177 1830 ῑ
243 1805 323 1861 nos,
342 1793 486 1868 quatuor
501 1791 581 1844 onte
598 1773 720 1858 annis,
742 1789 773 1841 et
796 1781 888 1864 quod
906 1781 998 1866 'apud
1015 1780 1145 1845 Livium
1168 1783 1285 1867 legitur

242 1869 295 1943 40,
320 1867 381 1945 52,
406 1871 436 1930 1.
460 1864 501 1928 de
519 1875 587 1927 tem
613 1863 663 1936 lis,
681 1885 767 1948 quae
784 1861 869 1930 hello
884 1863 1070 1952 Ligustino
1086 1877 1169 1930 ante
1183 1869 1285 1931 annis

243 1963 318 2014 octo
333 1943 472 2014 uouisset
487 1971 557 2023 non
572 1886 660 2011 idem
671 1959 720 2010 est
735 1949 827 2034 quod
842 1961 923 2014 ante
938 1961 1013 2014 octo
1031 1974 1151 2032 annos,
1167 1973 1284 2038 quam-

243 2057 343 2124 quam
359 2035 404 2098 ita
421 2035 483 2100 diei
499 2044 647 2123 poterat,
667 2033 724 2096 sed
746 2044 852 2096 antea
879 2057 971 2098 anno
1003 2047 1132 2100 octauo.
1157 2037 1198 2102 de
1220 2061 1283 2124 qua

242 2144 281 2186 re
293 2121 406 2208 paullo
424 2133 502 2208 post
522 2121 639 2184 dicam.
690 2117 790 2198 Quod
808 2119 844 2180 in
869 2120 1027 2184 veteribus
1049 2120 1215 2206 lapidibus
1235 2123 1283 2188 le·
1356 2167 1357 2192 a

241 2207 330 2294 gitur
345 2203 569 2298 antestante,
599 2215 653 2270 atu
669 2203 907 2293 compendium
926 2204 1025 2269 habet
1049 2207 1282 2290 oblitteratum,
1356 2245 1357 2300 p

245 2303 301 2358 aut
316 2315 431 2356 eorum
445 2293 590 2374 inscitiae
608 2289 765 2369 debetur,
797 2292 853 2376 qui
868 2291 1009 2356 seribere
1035 2291 1187 2356 solebant
1210 2317 1284 2358 cnm
1356 2305 1357 2338 t

238 2379 420 2526 portingppp
435 2401 532 2445 sunm
542 2427 552 2461 ,
570 2401 598 2466 ¹a
622 2377 725 2484 latus.
747 2375 812 2442 vid.
831 2377 968 2443 Salmas.
985 2375 1025 2441 ad
1045 2378 1189 2468 Capitol.
1205 2382 1280 2468 Van

262 2506 272 2524 .
293 2484 328 2548 p.
414 2508 423 2526 .

323 2579 489 2646 Maximus
511 2580 700 2646 Victorinus
716 2605 749 2668 p.
766 2586 862 2653 1953.
886 2592 967 2646 ante
982 2603 1083 2668 quum
1100 2586 1210 2673 graui
1223 2610 1281 2654 ac-

238 2667 599 2754 centupronuntiatur,
613 2667 826 2760 praepositio
844 2678 911 2748 est,
932 2678 989 2730 ut:
1018 2667 1239 2758 antefactae,
1254 2674 1283 2737 si

233 2751 352 2842 frigus
369 2754 444 2818 erit.
488 2753 527 2816 St
545 2762 660 2817 autem
683 2763 794 2829 acuto,
802 2749 871 2840 fiet
890 2750 1088 2818 adverbium
1109 2761 1280 2844 temporis,

108 2907 110 2916 ¹
150 2851 157 2860 '
236 2851 294 2904 ut:
323 2851 403 2904 ante
426 2837 581 2924 equidem
592 2863 731 2903 summa
754 2838 797 2903 de
811 2862 849 2905 re
869 2839 1030 2904 statuisse
1054 2839 1193 2907 Latini.
1245 2845 1281 2909 ln

140 2965 168 3026 .'
235 2924 481 3013 praepositione
497 2925 585 3000 enim
602 2949 678 2989 cum
700 2925 841 2990 nomina
854 2926 1031 2990 coniuncta
1047 2927 1211 2992 minuitur
1228 2954 1282 2994 ae·
1313 2967 1317 2972 ·

237 3023 350 3082 centus
373 3010 438 3087 vis,
467 3009 569 3098 fitque
593 3011 698 3098 gravis
721 3011 757 3074 in
778 3011 895 3075 ultinm
916 3009 1060 3100 syllaba:
1079 3013 1152 3100 ipsa
1174 3027 1280 3082 autem
1355 3101 1356 3106 η

143 3147 146 3154 ι
188 3106 191 3115 '
235 3095 385 3166 vocabuli
400 3105 516 3164 natura
534 3119 605 3160 non
621 3107 777 3158 mutatur.

316 3216 344 3280 Ι.
392 3220 421 3280 1.
449 3215 533 3276 Vsus
549 3212 833 3292 vocabularium
859 3225 898 3278 ut
919 3215 986 3280 iam
1004 3216 1043 3280 ab
1064 3218 1212 3284 Gesnero
1228 3220 1280 3284 ta-

165 3357 174 3370 ,
235 3305 324 3365 ctum
342 3309 406 3379 est,
431 3297 547 3362 adtria
565 3299 670 3388 capita
692 3298 808 3364 referri
826 3309 949 3387 potest.
990 3303 1077 3366 Nam
1101 3317 1281 3393 usurpatur

233 3397 288 3452 aut
305 3384 454 3462 deloco,
485 3395 541 3447 aut
564 3386 604 3450 da
621 3397 792 3473 tempore,
821 3396 877 3449 aut
900 3386 941 3450 de
959 3391 1208 3474 comparatione
1224 3411 1280 3456 re-

232 3493 309 3536 rum
322 3471 567 3559 praestantium.
611 3473 656 3536 'Ac
673 3493 776 3559 quum
794 3471 834 3536 de
846 3472 922 3536 loco
939 3473 1078 3554 dicitur,
1101 3476 1136 3542 id
1153 3476 1281 3563 signifi-

233 3568 342 3621 catur:
367 3555 456 3643 quod
484 3569 524 3619 e‘x
546 3557 682 3621 adverso
703 3568 734 3622 et
756 3560 774 3620 a'
795 3555 907 3622 fronte
929 3561 1076 3644 positum
1099 3571 1181 3626 est?
1204 3563 1280 3649 Op-

231 3644 369 3728 ponitar
384 3642 435 3722 id,
460 3642 549 3727 quod
565 3653 726 3790 pestate
742 3652 836 3746 tergo
855 3646 1022 3730 positum,
1053 3656 1085 3710 et
1103 3649 1196 3734 quod
1212 3650 1280 3713 cir-
1354 3657 1355 3736 ,

232 3749 309 3791 eum
326 3738 386 3793 est.
432 3727 548 3792 Graeci

334 3847 430 3915 sulpic.
440 3833 473 3902 ad
482 3845 567 3912 ctat,
574 3844 599 3911 5,
609 3846 634 3901 9.
643 3857 709 3918 post
718 3858 828 3911 mearat
838 3847 956 3921 Aegina,
965 3851 1167 3922 dntaMegara,
1178 3853 1280 3907 dextra

302 3932 442 4001 Piraeeus,
459 3935 573 3986 sinistra
597 3930 754 3990 Corinthus.
772 3954 773 3958 ¹
789 3937 896 3986 Sueten.
913 3936 1036 3988 Caesio.
1056 3937 1114 3988 Liv.
1132 3937 1165 4002 9,
1181 3935 1234 4000 32,
1254 3938 1279 3988 9.

298 4027 364 4071 ante
381 4019 463 4087 signo
482 4019 606 4086 circaque
623 4033 716 4070 ornnes
738 4017 900 4073 ceciderunt.
935 4025 1005 4074 conf·
1031 4018 1151 4086 auat,
1169 4020 1211 4074 13.
1234 4019 1277 4085 27,

209 4141 226 4160 -.
299 4103 349 4167 18,
365 4100 390 4153 5.
413 4098 522 4169 fluvius
550 4098 585 4153 ab
607 4111 704 4174 tergo.-
729 4113 796 4158 ante
820 4107 944 4176 circaque
962 4104 1042 4159 votat
1061 4107 1124 4176 ripa
1141 4123 1277 4176 praeceps

208 4191 211 4203 ’
299 4206 376 4243 oram
405 4187 462 4246 eius
487 4203 594 4242 omnent
622 4185 759 4262 cingebat.
793 4187 828 4255 7,
851 4185 901 4253 33,
927 4187 968 4242 12.
1003 4188 1103 4246 dextra
1129 4189 1275 4263 laeuaque,

581 3727 678 3832 ¹icunt
695 3751 771 3812 προ,
793 3750 855 3792 nos
871 3751 939 3806 aar.
