2662 4744
149 269 152 277 s
244 313 308 382 σεο
709 305 810 374 AVT.

248 468 429 556 quidquam
458 461 692 532 intermedium
721 460 930 548 admittatur,
960 471 993 527 et
1012 463 1178 544 tertium,
1211 467 1292 554 quod

249 557 381 634 dicitur,
401 550 602 630 excludatur,
623 558 679 612 cut
694 543 868 612 disiunctio
882 569 954 612 nou
970 547 1071 636 plena
1085 561 1160 628 est,
1189 563 1225 618 et
1239 576 1291 618 ne·

249 640 395 708 cessitate
408 659 526 724 expers
541 635 604 718 ito,
623 643 748 698 utnon
767 655 869 718 oeque
889 634 974 698 ratio
993 631 1082 698 inter
1102 647 1291 725 utrumque,

249 725 340 813 quod
362 722 590 809 distinguitur,
622 719 823 798 intercedat,
853 717 911 782 scd
935 705 1075 784 alterurn
1098 721 1139 785 in
1163 723 1290 788 alterius

248 813 358 878 locum
369 807 607 885 substituetur,
633 811 665 870 et
677 804 815 868 arbitrio
830 799 903 868 fieri
917 803 1064 894 videatur
1079 811 1290 895 compositio.

248 893 357 964 Latini
371 895 464 958 illem
479 892 734 958 necessitateme
783 885 910 952 rimunt
925 885 1086 976 particule
1103 893 1144 956 in
1159 900 1292 982 utraque

274 991 343 1048 crte
383 981 464 1066 ositn
479 988 597 1042 eut-
615 984 694 1056 eut,
717 997 753 1040 ve
781 1009 825 1024 -
840 973 902 1039 cel.
945 975 982 1040 ln
1001 972 1235 1044 disiunctione
1249 1005 1293 1045 re·

247 1007 310 1134 ius
325 1001 530 1143 inflectente,
552 1057 651 1129 veluti
668 1072 729 1126 ortt
744 1059 874 1126 Caesar
898 1072 960 1125 ant
982 1061 1088 1142 nihil,
1121 1068 1291 1130 necessitas

249 1163 404 1242 opponet,
432 1168 536 1236 quum
562 1148 664 1213 altero
689 1147 802 1232 posito
830 1144 970 1210 alterum
994 1143 1153 1232 tolletur,
1195 1149 1291 1216 altero

248 1239 378 1304 sublato
398 1235 538 1300 alterum
561 1232 717 1298 obtineat.
759 1230 943 1296 Disiunctio
970 1233 1176 1320 cogitatione
1200 1235 1291 1316 fecte,

115 1347 119 1355 s
221 1384 224 1396 ,
247 1345 279 1390 v.
297 1345 326 1390 c.
338 1339 429 1408 pace
452 1319 503 1386 uel
519 1311 662 1400 Quirini
684 1309 736 1380 ccl
748 1315 885 1381 Romuli
904 1311 1052 1382 dixerim
1073 1317 1147 1384 Cic.
1171 1321 1291 1387 ‹te-Off.

248 1414 287 1489 8,
309 1413 371 1488 10,
391 1407 466 1486 tc,
486 1423 560 1470 eum
573 1405 609 1470 in
630 1423 666 1466 sc
686 1399 788 1467 habet
802 1403 1042 1480 necessitatem,
1065 1425 1135 1490 que
1149 1407 1291 1472 obsolvi-

247 1505 304 1558 tur
320 1491 493 1580 cogitatio,
522 1499 560 1553 ut
582 1483 612 1554 ci
636 1482 880 1584 nihilcmplius
900 1482 963 1552 hoe
987 1484 1123 1575 quidem
1147 1492 1183 1554 in
1202 1503 1290 1580 perte

249 1578 326 1645 eddi
348 1577 473 1658 possit,
503 1581 535 1640 et
564 1571 668 1639 altero
689 1581 831 1654 retecto,
863 1567 1003 1638 alterum
1026 1575 1207 1662 cogitetur.
1254 1577 1289 1642 In

245 1675 386 1750 utroque
398 1657 616 1727 disiunctione
630 1657 809 1732 necessaria
823 1649 900 1744 plus
915 1679 984 1724 uno
1002 1681 1120 1726 verum
1136 1685 1208 1728 esse
1224 1685 1287 1728 non

274 1754 377 1823 otest,
406 1758 438 1811 et
458 1755 569 1810 totum
591 1765 627 1809 oc
648 1739 788 1830 plenum
809 1749 876 1817 est,
907 1743 998 1830 quod
1023 1747 1286 1834 complectimur.

247 1773 287 1900 in
303 1833 523 1905 disiunctione
537 1850 606 1894 non
619 1825 812 1907 necessario,
835 1849 935 1914 quem
950 1830 1159 1896 arbitrarium
1178 1856 1286 1898 vocure

204 1945 213 1966 ·
247 1925 445 2008 possumus,
467 1917 534 1980 sive
549 1936 585 1980 re
606 1913 673 1978 siue
690 1913 829 1978 notione
849 1916 1043 1997 constitute,
1066 1929 1182 2016 portes
1199 1921 1284 1984 unius

247 2004 375 2093 generis
393 2023 433 2066 ex
450 2000 583 2066 aduerso
605 2009 791 2087 ponuntur,
811 2015 951 2084 quorum
972 2019 1038 2065 une
1053 2003 1217 2070 stlocum
1232 2006 1286 2070 ob-

246 2092 348 2170 tinet,
378 2087 512 2152 alterum
535 2107 603 2150 non
626 2103 696 2149 esse
712 2083 957 2172 praedicemus,
982 2107 1081 2174 quem
1106 2101 1190 2154 unm
1221 2091 1282 2155 fieri

247 2177 375 2265 potest,
400 2179 436 2237 ut
451 2182 587 2258 utroque
604 2170 759 2252 tolletur,
782 2175 837 2234 out
852 2169 939 2234 eliud
957 2173 1038 2256 qnid
1048 2111 1282 2240 suitstituetur:

246 2283 317 2328 non
333 2258 498 2324 absolutus
519 2264 568 2322 est
589 2257 639 2322 rei
658 2253 710 2322 vel
731 2254 877 2320 notionis
904 2257 1055 2322 ambitus.
1101 2260 1220 2350 Logici
1240 2261 1283 2325 di·

246 2356 327 2411 eunt
342 2356 453 2431 partes
468 2363 537 2406 esse
551 2344 748 2416 contrarios,
770 2363 841 2405 non
863 2338 1149 2410 contradictorias.
1190 2347 1284 2435 Igitur

245 2430 392 2509 hilmodi
408 2427 567 2492 relatione
584 2421 757 2494 differunt:
779 2423 814 2490 in
839 2426 943 2492 altero
963 2429 1051 2494 enim
1068 2442 1183 2517 portes
1205 2432 1284 2498 refe·

244 2523 366 2582 runtur
382 2513 422 2578 cd
437 2519 566 2594 totum,
587 2513 622 2576 in
642 2512 744 2576 altero
768 2516 878 2597 portes
900 2513 987 2578 inter
1002 2533 1038 2578 se
1056 2516 1282 2584 conferuntur.

244 2603 332 2668 Num
347 2618 450 2686 quum
469 2597 541 2661 dico
559 2592 671 2661 cuncti
685 2607 746 2660 eut
762 2613 820 2660 ma
847 2619 896 2660 ne
911 2616 1016 2684 pers,
1035 2609 1182 2690 utreque
1195 2604 1282 2668 notio

246 2687 285 2752 nd
303 2685 491 2752 seinvicem
505 2678 664 2766 refertur,
681 2699 743 2746 nec
760 2620 940 2769 quiiqucm
953 2683 1111 2772 impedit,
1137 2711 1207 2774 quo
1223 2690 1284 2753 mi-

245 2795 310 2838 nus
323 2771 458 2834 tertium
474 2788 595 2856 ponus:
619 2778 652 2833 ot
666 2786 770 2854 quum
786 2765 859 2832 dico
877 2777 939 2834 cut
962 2768 1075 2835 cunni
1099 2787 1166 2838 aut
1181 2797 1282 2851 neme,

181 2904 187 2920 .
242 2858 360 2924 rclntio
375 2854 417 2920 fit
431 2856 599 2940 utriusque
616 2850 717 2942 pertis
734 2851 775 2918 od
794 2877 883 2935 esce,
902 2852 954 2921 vel
976 2855 1141 2944 quidquid
1166 2859 1284 2925 intelli-

230 2947 352 3031 gitur,
377 2962 445 3026 quo
461 2941 535 3004 illuc
552 2948 662 3026 partes
679 2939 898 3004 continentur.
938 2941 1026 3006 Haec
1038 2943 1175 3010 etiamsi
1197 2969 1284 3010 com-

244 3028 355 3094 munis
369 3047 445 3095 usus
465 3025 630 3092 interdum
648 3025 851 3114 negligenter
873 3033 1009 3110 tractat,
1030 3039 1166 3096 constat
1180 3041 1284 3096 temen

244 3125 333 3180 certo
347 3113 443 3178 ratio.
820 3177 822 3183 ,

356 3210 489 3278 Zumptius
505 3227 584 3280 quum
607 3227 635 3262 n.
656 3204 829 3275 llil-docet,
854 3205 884 3265 in
907 3204 955 3264 vel
972 3237 1007 3254 -
1024 3209 1073 3266 vel
1091 3232 1149 3268 non
1165 3234 1285 3287 repperere

312 3295 504 3362 oppositionem
521 3294 709 3360 necessariam,
739 3308 823 3364 neque
838 3295 917 3369 etiem
936 3297 1133 3368 exclusionem,
1151 3304 1286 3354 confundit

310 3379 426 3433 diversas
444 3398 496 3432 res.
539 3382 612 3432 Inest
629 3379 696 3434 enim
713 3380 742 3432 in
759 3381 801 3433 his
819 3380 910 3434 eedem
934 3379 1096 3448 necessitas,
1123 3404 1194 3454 qnae
1213 3405 1285 3438 nuum

310 3461 433 3516 admittat
452 3475 480 3517 et
496 3467 603 3518 tertium
622 3465 761 3532 excludet,
785 3465 831 3518 sed
849 3483 881 3518 ea
900 3467 1138 3534 recogitationem
1156 3475 1284 3540 pertinet:

310 3551 379 3604 undo
398 3554 443 3606 vel
458 3567 540 3620 prope
558 3552 660 3602 accedit
677 3551 710 3600 ad
726 3553 795 3614 sive.
824 3550 878 3604 cic.
900 3551 933 3603 ‹le
946 3555 1019 3604 Orat.
1042 3552 1144 3619 1,1t,
1161 3554 1206 3610 52
1228 3561 1285 3629 quis

308 3639 505 3695 exinanescit,
533 3634 682 3686 unanimam
709 3629 766 3688 vim
791 3638 923 3690 exsistere
948 3641 1069 3690 crateris
1090 3642 1121 3692 in
1145 3639 1286 3696 lominum

251 3768 253 3777 ,
309 3718 446 3774 mentibus
462 3717 509 3774 vel
525 3717 564 3772 ad
580 3721 665 3780 iram,
684 3729 734 3772 aet
755 3717 923 3784 alodium,
949 3729 999 3773 cut
1019 3719 1205 3780 eductorem
1224 3729 1286 3782 inci·

307 3801 419 3867 tendis,
436 3804 482 3858 vel
506 3802 542 3856 ab
562 3801 635 3858 lrirce
655 3803 753 3858 iisdem
776 3799 993 3874 permotionibus
1009 3804 1049 3858 erl
1072 3805 1223 3864 leuitatem
1240 3812 1285 3862 mi·

307 3887 539 3964 rericoraeliamque
562 3888 750 3944 reuocandis?
780 3887 899 3952 Tertium
921 3907 975 3942 non
991 3890 1077 3944 datur.
1119 3893 1175 3946 Sed
1196 3894 1284 3963 posuit

306 3981 398 4038 auctor
415 3972 478 4038 vel,
498 3991 575 4044 quum
594 3975 772 4044 intelligeret,
798 3969 868 4042 quae
887 3971 945 4026 fieri
967 3984 1092 4044 possent,
1124 3977 1284 4048 interposuit

306 4067 373 4125 eut,
389 4057 418 4108 in
442 4058 496 4110 illis
513 4069 584 4114 certe
602 4079 698 4129 genere
715 4059 885 4126 distinguens.

338 4141 442 4194 Persius
466 4142 498 4210 1,
521 4143 549 4202 3.
574 4145 621 4202 ecl
644 4143 719 4210 duo,
738 4139 785 4198 vel
799 4148 889 4216 ccmo·
913 4157 968 4194 non
992 4141 1060 4195 verti
1081 4156 1195 4212 possunt
1214 4143 1281 4203 viel·
