2760 4748
727 307 798 382 AN.

321 475 352 538 8.
391 470 504 550 Quare
528 475 665 532 utuntur
691 463 753 530 hac
788 457 919 527 dicendi
951 457 1099 524 formula
1134 466 1289 523 oratores

237 559 336 623 etiam
353 557 387 620 in
403 555 575 621 reiicienda
593 552 767 616 adversarii
783 546 964 624 sententia„
996 545 1092 608 Tuac
1109 567 1209 630 saepe
1227 540 1292 606 ad-'

238 646 322 708 dunt
338 664 431 716 cero,
450 645 646 704 nontamen
662 638 857 723 particulam
872 631 1118 698 adversativam.
1166 630 1290 720 Oppo-

187 797 190 803 ,
238 729 419 808 sitiq'enim
435 725 840 813 fitipsuiuterrogatione.
1021 720 1023 726 '

244 851 247 862 '
339 851 447 902 Terent.
463 848 528 898 Eun.
549 844 584 922 2,
604 843 638 908 3,
658 843 701 899 91.
730 845 778 896 ΡΛ.
794 840 943 912 flagitium
957 834 1094 910 facimus.
1132 837 1237 890 (im-an
1256 836 1286 892 id

301 932 495 1005 flagitiumst,
524 933 550 984 si
567 934 595 984 in
614 929 726 994 domum
744 930 922 982 meretriciam
948 922 1089 978 deducar?
1113 923 1197 974 Plaut.
1214 924 1287 997 Asin.

303 1018 374 1086 &83
393 1015 449 1072 125.
471 1035 551 1088 quem
559 1025 586 1068 te
596 1024 689 1069 autem
698 1013 779 1068 deum
795 1012 954 1068 nominem?
970 1013 1018 1064 Le.
1034 1011 1186 1064 Fortunam
1202 1019 1287 1080 atque

313 1103 523 1175 Obsequentem.
557 1104 605 1154 Aa.
630 1102 691 1153 Iam
715 1095 787 1154 istoc
814 1116 843 1152 es
868 1095 973 1150 melior.
1009 1097 1050 1148 Lv.
1079 1101 1126 1148 An
1152 1094 1224 1166 qaid
1245 1105 1286 1148 est

308 1189 379 1244 olim
398 1187 505 1240 bomini
521 1185 616 1238 salute
637 1184 757 1236 melius?
774 1185 849 1238 Trin-
865 1183 899 1246 2,
917 1182 950 1245 2,
967 1179 1010 1233 90.

343 1274 398 1324 Cic.
415 1291 442 1340 p.
459 1275 538 1323 Rosc.
562 1274 618 1322 Am.
638 1269 690 1332 41,
721 1270 780 1326 120.
807 1273 837 1325 in
864 1268 992 1322 dominos
1021 1265 1117 1335 quaeri
1140 1263 1176 1318 de
1200 1265 1287 1318 servis

223 1340 235 1420 Ι,
283 1387 284 1394 ¹
307 1361 432 1429 iniquam
453 1366 503 1410 est.
538 1357 619 1410 Anne
639 1352 801 1426 quaeritur?
828 1351 892 1405 Sea.
909 1351 981 1406 enim
1006 1350 1125 1405 Roscius
1148 1367 1212 1403 reus
1236 1361 1285 1403 est.

222 1479 224 1486 ,
307 1443 360 1494 hoc
381 1453 435 1500 est:
463 1451 491 1494 ut
512 1459 566 1494 non
589 1439 737 1508 quaeritur:
765 1437 834 1501 sive,
860 1455 926 1488 nam
951 1433 1111 1506 quaeritur?
1140 1434 1188 1485 sed
1219 1453 1284 1504 pro-

307 1529 379 1598 prie:
405 1545 495 1586 meane
523 1537 627 1580 constat
652 1523 797 1584 sententia,
829 1539 862 1575 un
889 1532 965 1592 putes
982 1521 1095 1592 quaeri?
1114 1521 1142 1571 in
1161 1523 1240 1572 Verr.
1258 1519 1284 1584 2,

306 1611 357 1679 48,
376 1613 435 1666 119.
461 1599 583 1681 Philipp.
600 1613 634 1676 2,
648 1610 681 1676 2,
698 1609 724 1663 3.
745 1619 840 1664 contra
858 1625 914 1661 rem
930 1625 1009 1662 suam
1028 1619 1071 1660 me
1089 1610 1181 1660 nescio
1200 1625 1284 1676 quan·
1361 1645 1362 1678 3

309 1701 346 1752 do
377 1703 485 1754 venisse
509 1708 621 1766 questus
645 1706 694 1749 est.
729 1695 774 1748 Aa
797 1711 849 1765 ego
876 1712 933 1749 non
956 1693 1078 1748 venirem
1102 1701 1199 1745 eontra
1218 1690 1284 1747 alie·
1361 1693 1362 1728 ³

299 1799 373 1837 ‘num
390 1800 442 1852 pro
458 1778 604 1852 familiari
621 1790 649 1832 et
666 1783 819 1834 necessario
839 1779 922 1834 meo?
995 1766 1020 1772 Π
1044 1798 1053 1828 r

352 1858 519 1936 crepuit.
539 1866 587 1929 12,
603 1864 646 1918 33.
660 1885 698 1918 an
712 1883 793 1928 uero,
816 1864 938 1930 iudices,
962 1879 1015 1918 oos
1043 1859 1100 1917 soli
1124 1862 1283 1937 ignoratis?

302 1952 359 2004 'oos
376 1950 500 2030 {sospites
516 1955 546 2008 in
563 1949 614 2004 hac
632 1948 696 2004 urire
713 1949 883 2006 versamini?
955 1976 957 1982 ν

324 2059 356 2120 9.
388 2053 426 2120 In
448 2036 733 2146 argumeutatioue
757 2055 802 2118 ita
824 2054 1016 2152 iutqrrogat
1037 2051 1086 2129 is,
1121 2049 1181 2136 qui
1207 2071 1283 2113 sen·
1361 2039 1362 2088 3

238 2141 376 2210 tentiam
392 2163 484 2206 suem
499 2151 567 2204 tam
583 2150 709 2205 certam
722 2163 790 2206 esse
814 2141 940 2218 innuit,
971 2148 1008 2200 ut
1024 2136 1227 2218 contrarium
1243 2157 1282 2198 ue

239 2227 377 2314 cogitari
401 2227 675 2316 quidem'possit.
727 2227 823 2290 Vnde
852 2223 977 2288 exsistit
1004 2222 1186 2290 verborum
1211 2219 1281 2286 for-

237 2315 328 2378 mula
347 2337 396 2378 aa
406 2325 519 2400 potest
533 2313 709 2402 quisquam
729 2307 910 2380 debitore?
925 2305 933 2313 ’

287 2473 290 2478 ,
343 2435 397 2484 Cic.
413 2453 439 2502 p.
447 2435 534 2500 Liger.
551 2435 577 2498 2,
599 2430 624 2484 5.
643 2433 819 2502 quadrien
839 2433 1024 2489 criminosum,
1042 2429 1218 2482 necessitatis
1235 2428 1282 2480 cri·

250 2555 253 2562 ⁴
307 2537 368 2570 men
385 2527 442 2581 est,
459 2537 515 2570 non
530 2519 695 2572 voluntatis.
730 2521 776 2570 An
803 2516 869 2580 itte,
898 2520 923 2572 sr'
949 2515 1092 2585 potuisset
1116 2513 1199 2567 illinc
1224 2513 1280 2565 ailo

307 2603 391 2656 modo
410 2603 542 2668 evadere,
566 2604 663 2656 Vticae
681 2621 762 2674 qaam
789 2603 913 2662 Romae,
943 2621 1004 2656 cum
1031 2601 1062 2656 Ρ.
1097 2600 1184 2654 Accio
1203 2616 1281 2670 quam

308 2709 368 2742 eum
385 2689 609 2744 concordissimis
625 2683 786 2761 fratribus,
813 2706 874 2741 cum
899 2685 1002 2757 alienis
1031 2703 1090 2738 esse
1114 2703 1200 2758 qaam
1225 2705 1283 2738 cam

309 2779 369 2830 suis
402 2774 568 2829 'statuisset
601 2777 641 2826 Ita
665 2773 733 2826 enim
757 2771 895 2841 legendum
926 2791 983 2824 esse
1013 2771 1204 2824 demonstravit
1237 2771 1282 2822 Ed.

267 2889 271 2893 ’
306 2861 458 2914 Wunderus
477 2862 505 2914 iu
524 2864 587 2914 Ver.
603 2863 676 2915 Lect.
693 2863 777 2914 Praei.
799 2879 825 2929 p.
843 2859 885 2912 21.
921 2859 970 2929 12,
987 2854 1033 2912 ¹34·
1053 2857 1153 2928 quodsi
1171 2859 1282 2927 penitas

304 2948 460 3016 perspicere
477 2965 574 3016 posses
592 2947 982 3016 concordiam'Ligariorum,
1009 2961 1102 2996 omnes
1113 2939 1228 3011 fratres
1248 2953 1282 2996 te·
1361 2963 1362 2968 ¹

308 3050 369 3085 cunr
388 3029 636 3104 iudicaresfuisse.
671 3033 717 3086 An
739 3040 834 3101 potest
851 3033 912 3101 quis
933 3027 1076 3088 dubitare,
1096 3014 1161 3100 qaia
1180 3039 1231 3082 etc.
1361 3023 1362 3038 ¹

323 3139 373 3199 10.
400 3133 529 3205 ironiae
546 3134 607 3208 vis,
620 3139 713 3220 'quae
730 3153 972 3218 quamcumque
988 3131 1281 3219 iuterrpgationem
1361 3125 1362 3134 ¹

241 3217 281 3282 de
311 3221 415 3284 aliena
446 3219 604 3283 sententia
633 3228 846 3306 quaerentem
874 3219 977 3304 regit,
1020 3229 1192 3293 coercetur
1223 3220 1283 3282 alt-

239 3309 400 3390 quantum
417 3313 449 3368 et
464 3303 648 3392 mitigatur,
674 3304 728 3371 ubi
744 3305 947 3390 interposito·
961 3327 1045 3380 uon,
1082 3301 1153 3392 quo*
1175 3303 1214 3366 fit
1236 3329 1282 3368 au

237 3413 323 3468 reon,
348 3391 369 3454 i.
387 3412 415 3454 e.
439 3396 717 3471 nonne,‘'certartr
729 3413 800 3457 rem
819 3413 887 3453 esse
900 3393 1096 3464 statuimus,
1120 3399 1153 3454 et
1169 3391 1280 3455 addito

183 3551 185 3568 1
239 3475 396 3542 vocabulo
407 3477 523 3562 potius
541 3477 706 3564 contraria
722 3477 823 3563 magis
836 3473 942 3540 valere
958 3475 1153 3540 indicamus.
1195 3482 1203 3490 “
1281 3525 1285 3530 .

254 3622 265 3652 r
350 3600 434 3651 Varro
453 3597 582 3660 teht.
599 3595 632 3659 4,
656 3593 702 3664 (5,)
723 3595 757 3660 1,
775 3595 799 3648 6.
821 3613 878 3648 non
906 3595 978 3648 enim
1004 3593 1151 3648 videbatur
1170 3614 1282 3650 consen·

305 3695 434 3748 teneam,
454 3700 582 3755 quaerere
602 3700 644 3734 me
667 3680 696 3732 in
720 3679 877 3753 ecuerbo,
905 3681 981 3752 quod
999 3680 1133 3751 finxisset
1161 3680 1282 3748 Ennius,

289 3785 448 3834 canuam,
466 3765 625 3838 neglegere,
645 3753 803 3838 quatiente
820 3785 868 3822 rex
886 3767 1010 3821 Latinus
1023 3765 1165 3836 finxisset.
1185 3795 1219 3808 -
1237 3770 1283 3822 An

248 3855 252 3862 ’
305 3876 362 3910 non
378 3847 474 3926 potius
494 3871 555 3906 mea
568 3850 652 3905 verba
671 3850 740 3916 itta,
759 3870 830 3924 quae
847 3849 1018 3909 haereditate
1037 3873 1055 3904 a
1074 3851 1201 3908 Romulo
1220 3874 1284 3925 rege

272 3965 273 3970 ¹
304 3951 452 4002 venerunt,
478 3955 560 4008 qaam
580 3955 651 4008 qaae
675 3957 694 3992 a
715 3949 802 4008 poeta
820 3938 907 3994 Livio
932 3931 1053 4010 relicta?
1077 3937 1168 3988 Potuit
1195 3941 1283 3991 omitti

303 4031 415 4101 potius,
434 4023 481 4076 sed
501 4019 606 4076 additur
622 4022 651 4074 in
668 4023 885 4101 compensandam
902 4033 1037 4092 utramque
1056 4023 1223 4078 sententiam.

166 4194 171 4201 ,
283 4150 286 4158 ¹
313 4136 374 4210 tt,
404 4125 469 4194 Sed
490 4125 529 4191 ab
546 4124 607 4190 hac
622 4125 729 4194 ironia
743 4123 889 4191 inversae
904 4114 1064 4191 orationis
1084 4125 1228 4209 omniuo
1246 4151 1281 4193 ea
