2662 4744
150 311 171 324 ·‘
225 313 288 380 610
609 285 771 390 trouu.
814 306 880 372 se.

304 441 308 448 Ι
331 467 396 534 ,Cice
409 483 437 534 p.
455 463 528 517 coel.
549 461 597 530 18,
621 460 716 531 482ac
734 457 817 516 6ιηίιί
840 468 868 514 et
892 469 986 512 nostra
1004 467 1034 532 et
1051 462 1177 533 patrum
1195 463 1291 532 maio-

295 571 409 624 rumque
428 549 575 610 memoria,
592 545 712 608 iudices,
732 548 830 598 summi
848 543 970 598 laonrinss
987 556 1015 598 et
1030 543 1191 602 clarissimi
1210 549 1291 600 ciues
1319 528 1320 570 l

290 634 417 708 fuerunt.
450 633 572 686 Editores
590 633 693 702 qnidam
712 639 882 684 correxerunt
898 640 930 708 af
951 627 1041 685 multi·
1134 646 1137 654 ’

308 761 340 820 2.
369 754 522 839 Sequitur
537 771 579 814 ac
593 759 669 838 post
693 760 744 812 et.-
770 747 810 811 de
834 769 899 833 quo
923 725 1132 812 Goerenzius
1153 750 1199 813 ad
1217 751 1288 816 Cic.

225 843 268 908 de
292 840 364 906 Fin.
383 841 420 918 4,
442 842 501 916 22,
525 839 576 899 61.
597 834 676 913 „sed
702 843 851 896 accurate
876 831 1022 910 notabis,
1054 836 1192 919 inquit,
1225 859 1291 922 per

229 939 271 992 ac
294 943 426 1002 semper
447 920 516 986 iere
540 928 668 1008 partem
691 919 795 982 solere
821 922 909 998 eius,
940 918 1027 1004 qttod
1055 930 1138 983 ante
1163 943 1232 1007 per
1256 933 1287 984 et

227 1011 440 1098 jungebatur,
464 1003 659 1092 insigniri&
690 1005 782 1085 Quae
798 1025 873 1090 pars
898 1003 1121 1090 intelligatur,
1142 1029 1288 1092 esupe-

227 1099 311 1164 riori
336 1093 544 1182 expositione
565 1089 701 1178 patebit.
746 1089 955 1154 Contrarium
977 1091 1184 1155 sententiam
1211 1092 1287 1158 vide

55 1211 61 1224 ’
154 1222 165 1243 s
229 1204 265 1270 p.
283 1177 357 1246 464.
718 1196 721 1225 ·

330 1301 385 1353 Cic.
405 1300 438 1350 de
458 1297 530 1348 Orat.
551 1295 582 1357 1,
601 1291 651 1356 58,
668 1289 728 1346 247.
753 1291 879 1364 equidem
906 1292 1042 1366 putabam
1066 1296 1210 1349 uirtutem
1238 1296 1287 1350 to-

295 1383 415 1442 minibus
431 1379 603 1456 instituendo
624 1390 652 1432 et
669 1377 870 1448 persuadendo,
882 1376 937 1429 aba
952 1381 1032 1432 minis
1051 1388 1080 1432 et
1093 1383 1135 1433 'vi
1153 1401 1189 1434 ac
1208 1394 1288 1436 aneta

296 1470 378 1524 tradi.
404 1455 551 1534 ¹intellige,
577 1463 602 1516 vi
618 1463 730 1531 ideoque
745 1474 831 1515 metu:
856 1463 911 1514 und
929 1461 1040 1518 sonarit..
1077 1463 1110 1514 de
1133 1466 1189 1517 off.
1209 1466 1239 1530 8,
1263 1468 1284 1532 1,
1321 1527 1322 1532 ¹

297 1555 323 1608 1.
340 1547 495 1624 magnifica
514 1553 579 1602 vero
597 1567 654 1601 sacr
673 1561 701 1602 et
719 1567 819 1620 magno
835 1553 895 1602 viro
913 1567 946 1600 ac
964 1552 1091 1615 sapiente
1110 1549 1212 1620 digna.
1233 1555 1285 1604 Per

298 1659 332 1692 ac
350 1647 458 1707 apparet
483 1636 587 1704 gravior
608 1635 646 1686 vis
664 1635 771 1687 alterius
788 1633 900 1684 nominis
922 1634 1046 1695 Quinctil.
1063 1635 1131 1685 Inst.
1151 1635 1184 1702 8,
1202 1638 1239 1700 3,
1259 1637 1284 1690 3.

301 1727 348 1796 qai
366 1736 422 1774 non
442 1732 604 1793 assequutus
622 1729 691 1772 esset
713 1717 836 1772 docendo
855 1717 971 1772 iadicem
990 1728 1104 1770 tantam
1123 1731 1154 1772 et
1174 1723 1283 1777 utiliter

296 1802 408 1860 densam
425 1825 458 1856 ac
475 1805 561 1860 latine
581 1807 777 1875 perspicueque
794 1801 919 1869 dicenda.
945 1803 951 1820 ³

312 1899 475 1973 Proxime
488 1910 584 1972 etiam
602 1907 748 1992 sequitur
764 1926 836 1994 que.

242 2097 243 2100 Ἴ
331 2027 505 2100 Varro-apud
528 2029 596 2080 Non.
622 2045 643 2078 s.
666 2046 691 2078 v.
720 2032 880 2080 aeternare.-
900 2023 1055 2096 litterisque
1080 2045 1116 2077 ac
1147 2024 1280 2082 laudibus

297 2124 447 2170 aeternare.
465 2113 523 2164 Lis.
540 2110 584 2176 26,
595 2105 675 2179 tosti.
693 2108 901 2184 submoveriqae
914 2107 998 2180 atquo
1017 2114 1048 2163 iu
1064 2123 1162 2165 castra
1181 2115 1279 2184 redigi.

314 2239 345 2298 3.
384 2227 422 2294 ln
446 2225 621 2317 multiplici
646 2230 841 2317 repetitione
866 2226 1042 2316 particulae
1059 2219 1278 2313 =grammatici

232 2315 366 2404 quidam
383 2317 493 2383 nescio
509 2325 607 2400 quam
624 2317 814 2402 elegantiam
834 2313 1018 2378 observasse
1034 2309 1097 2376 sibi
1113 2312 1177 2379 visi
1194 2328 1278 2381 sunt.

229 2407 274 2469 At
295 2402 374 2465 haec
398 2401 536 2464 omnino
562 2399 652 2464 nulla
676 2411 740 2480 est,
767 2393 829 2463 nisi
856 2401 1000 2485 scriptor
1025 2409 1116 2462 certa
1148 2405 1279 2466 ratione

230 2508 308 2550 usus
323 2485 434 2549 luerit.
476 2485 592 2548 Poetae
606 2509 710 2572 saepe
732 2495 839 2548 metro
859 2495 890 2548 et
905 2483 1066 2548 vocalium
1082 2489 1277 2552 sonantium

232 2571 404 2641 concentui
414 2567 635 2653 indulgebant,
649 2563 796 2656 usquein
806 2569 868 2632 hac
881 2570 1072 2633 necessitate
1087 2573 1188 2635 nobis
1205 2597 1278 2659 per·

231 2657 426 2726 mittebant,
453 2666 634 2740 quousque
660 2679 678 2720 a
703 2653 817 2722 ceteris
836 2654 963 2740 copulis
977 2653 1276 2742 distingueremus.

230 2743 279 2809 lta
293 2741 380 2830 apud
396 2741 456 2804 Vir
479 2740 510 2804 il.
535 2740 654 2827 Georgi
675 2741 714 2822 4,
732 2743 805 2803 461.
814 2737 948 2828 flerunt
968 2737 1088 2804 Blando
1116 2744 1195 2808 eiae
1218 2768 1277 2808 ar·-

231 2851 286 2894 ces
310 2765 635 2974 altaqael'affaes
660 2823 812 2890 estliberi
840 2823 1011 2890 mavortia
1035 2763 1156 2904 tellis,
1180 2842 1279 2916 atquc

233 2912 360 2988 Gelae,
386 2923 486 2998 atquae
545 2909 659 2988 ebrus,
690 2923 722 2976 et
745 2910 867 2976 Actius
893 2909 1063 2995 Orithyia.
1117 2912 1277 2978 Oratores

232 3010 342 3072 autem
368 3019 438 3084 quo
458 2996 563 3059 modo
583 2998 660 3069 vim'
673 2997 814 3081 aliquam
837 2995 1020 3060 addiderint
1042 3017 1105 3082 per-
1127 3001 1277 3086 particu-

230 3087 318 3168 lam,
339 3083 373 3149 id
390 3103 431 3147 ex
446 3080 594 3146 universa
609 3081 671 3144 bac
688 3081 837 3146 doctrina
854 3089 991 3144 constat.

336 3191 396 3256 cte)
407 3203 441 3254 ad
458 3201 529 3252 Fam.
548 3195 579 3264 1,
597 3191 631 3262 5,
651 3197 676 3249 8.
695 3197 861 3272 dignitatem
878 3212 953 3253 taam
974 3202 1003 3254 in
1022 3202 1129 3275 virtuts
1144 3215 1233 3275 atquc
1253 3205 1279 3256 in

240 3277 242 3283 Ι
299 3281 380 3343 rebus
400 3280 487 3357 gestis
505 3288 580 3348 tuis,
604 3295 687 3356 atque
708 3285 737 3338 iu
760 3296 809 3338 tua
829 3290 970 3358 grauitate
990 3289 1115 3354 positam
1135 3293 1278 3346 existima·

300 3393 338 3450 rs,
374 3371 407 3423 de
423 3373 487 3438 Leg.
505 3369 531 3436 3,
550 3363 576 3436 9,
594 3366 637 3422 20.
656 3379 739 3442 atque
757 3381 788 3423 ut
812 3370 841 3423 C.
861 3369 1027 3424 Flaminium
1044 3381 1131 3443 atque
1150 3394 1197 3438 ea,
1213 3395 1280 3447 quac

297 3462 358 3514 ‘iam
377 3451 471 3527 prisca
485 3454 622 3520 videntur,
640 3465 754 3524 propter
773 3451 939 3532 vetustatem
957 3451 1120 3528 relinquam.
1144 3451 1239 3512 'Confi
1257 3479 1279 3528 p.

205 3566 208 3570 ·
302 3531 889 3608 6ο61.19,45.’1ρυᾶ86610608ιί362.
918 3543 1022 3595 uestitu
1050 3538 1232 3612 calciatuque
1256 3556 1280 3596 es

272 3619 274 3624 ¹
300 3639 388 3682 cetero
415 3622 527 3687 babitu,
552 3642 638 3694 neque
665 3626 777 3692 patrio,
804 3645 889 3698 nequa
915 3625 994 3680 civili
1012 3645 1045 3678 ac
1065 3645 1099 3678 ne
1118 3625 1202 3682 civili
1224 3632 1280 3702 qui·

301 3712 373 3774 dem,
391 3725 423 3763 ac
441 3703 557 3780 denique
576 3706 697 3760 lauriano
718 3722 825 3780 seraper
845 3729 908 3764 usas
923 3715 973 3764 cst.
989 3707 1103 3766 Wolfios
1121 3711 1192 3762 vidit
1211 3714 1280 3764 scri·

300 3796 415 3848 bendum
432 3813 488 3847 esse
506 3803 556 3848 aas
571 3792 695 3866 denique.

315 3911 348 3975 4.
375 3903 493 3976 Poetae
509 3920 707 3999 usurparunt
721 3921 822 3998 atquae
839 3943 882 3962 ‹-
897 3918 997 3998 atque
1012 3925 1075 3998 pro
1092 3919 1125 3976 et
1139 3946 1186 3962 -
1202 3927 1249 3980 et.

335 4027 439 4112 virgil.
463 4047 554 4115 Eclog.
575 4045 609 4115 5,
624 4047 669 4100 22.
690 4015 778 4117 qaum!
792 4071 827 4088 -·
845 4057 927 4118 atqua
946 4045 1012 4100 deos
1032 4059 1115 4120 atque
1132 4058 1217 4103 astra
1234 4067 1278 4104 uc·

302 4141 346 4223 rat
360 4131 484 4190 crudelia
505 4141 600 4186 mater.
634 4131 718 4184 Getul.
734 4130 786 4197 68,
807 4128 865 4186 162.
883 4131 950 4188 irasc
966 4142 1049 4203 atque
1068 4130 1122 4188 itta
1141 4131 1217 4201 dies,
1237 4146 1277 4190 as·
