2760 4748
563 298 692 409 amu.
774 377 777 385 ι
841 347 854 402 s
960 441 962 445 v
1080 347 1147 420 sn.

82 493 207 583 ἀκοαί,
230 519 402 586 apparere
424 508 582 583 coeperat
601 533 662 548 -·
686 494 774 560 atria
792 505 893 583 atque
912 499 1063 570 eiusdem
1084 508 1143 588 aaa·
1182 531 1189 544 ·
1233 557 1234 560 ,

97 587 327 653 unianimam
341 583 507 651 alienavit
524 581 601 647 sibi.
671 583 818 647 iennium
846 582 934 648 enim
948 609 1009 674 per
1029 613 1064 655 se
1085 595 1142 658 in·
1176 637 1186 644 -
1259 665 1261 673 Α
1349 657 1351 680 q

96 674 260 758 telligitur
291 680 462 754 tamquam
490 691 562 746 res,
595 668 662 732 sive
692 677 822 754 tempus
844 668 944 734 rebus
965 675 1141 771 repletum,

96 761 271 844 magisque
287 752 420 818 delinita
436 763 486 817 est
502 754 596 818 notio
621 773 720 838 quam
744 751 778 816 in
801 749 915 818 decem
933 761 1046 829 annis,
1089 765 1143 829 Sic
1207 810 1211 829 .
1277 777 1281 784 ·

97 867 164 910 nos
190 839 420 928 distinguimus
441 836 654 910 Jaltraeltend
679 861 697 902 a
720 834 936 905 aetatulae.
988 844 1037 910 lta
1060 846 1145 913 dixit
1227 907 1230 916 k

99 927 287 994 Columella
304 925 345 988 dc
359 923 478 988 Arbor.
495 925 534 999 4,
558 928 590 987 9.
621 921 653 986 si
679 919 848 986 scrobibus
872 938 935 990 aut
962 931 1064 996 sulcia
1092 935 1144 998 vi-

97 1035 206 1082 neam
215 1009 366 1098 posituri
382 1009 525 1090 erimus,
548 1007 713 1094 optimum
731 1007 797 1072 erit
812 1019 893 1074 ante
907 1034 1037 1079 annam
1048 1038 1144 1083 scro-
1158 1063 1169 1082 .
1185 1041 1189 1055 ’
1207 1011 1211 1024 ’

98 1099 168 1165 bes·
191 1097 241 1162 vel
268 1095 378 1159 sulcos
392 1091 527 1183 jacere.
552 1091 642 1178 quod
657 1097 724 1172 16,
748 1098 781 1158 2.
812 1109 1001 1182 eompqrata
1024 1125 1061 1166 re
1082 1105 1145 1168 e'x.

64 1198 68 1204 ’
97 1174 223 1275 pressit
237 1180 308 1245 his:
330 1180 389 1267 qui
410 1177 584 1244 arbustam
606 1179 808 1244 constituere
825 1179 951 1260 volent,
979 1199 1145 1254 antean.

98 1293 200 1350 num,
228 1287 332 1354 qaam
348 1263 522 1351 deponant
537 1261 693 1345 arbores,
709 1260 853 1328 ascrobes
866 1261 1013 1349 faciant.
1054 1275 1146 1339 Ante

99 1371 233 1422 aroniim
250 1363 298 1416 est
312 1372 370 1415 vor
384 1346 598 1437 labresfiist.
642 1348 691 1415 lta
713 1347 856 1413 lustinus
875 1355 913 1421 18
920 1400 930 1434 ,
951 1359 990 1432 8,
1014 1357 1046 1421 5,
1073 1359 1164 1446 [lp.
1260 1398 1262 1403 Α

98 1445 168 1507 roa
182 1436 297 1502 urbem
318 1447 400 1500 ante
422 1457 551 1499 annum
573 1431 747 1498 Troianae
770 1432 882 1498 cladis
906 1439 1144 1510 condiderunt.

12 1569 15 1574 -
98 1527 181 1591 Non
205 1523 270 1586 dici
291 1517 427 1610 'poterat
450 1532 531 1584 ante
555 1518 804 1584 cenomannos
827 1515 1001 1590 Troianae
1021 1527 1187 1596 eladis.x
1262 1545 1295 1596 .'

99 1609 210 1676 Tacit.
224 1607 376 1696 Agnis.
396 1604 589 1678 nobistam
604 1597 731 1691 lorigae
754 1602 928 1672 absentiae
952 1611 1147 1683 conditione

101 1707 187 1764 ante
209 1691 472 1780 quadriennium
494 1691 640 1755 amissus
667 1713 713 1754 es.
738 1691 831 1776 quod
845 1714 916 1758 non
934 1706 983 1758 est
997 1701 1148 1765 aar'oier

99 1781 250 1857 labrem,
281 1777 336 1842 sed
359 1777 428 1842 cier
441 1776 546 1840 Jaltre
562 1797 673 1850 aanor.
716 1773 757 1840 In
778 1775 829 1840 his
853 1799 936 1848 vero,
953 1782 1146 1874 ambiguitas

98 1873 295 1932 removetur
310 1861 519 1927 distinctione
533 1871 696 1940 accentus,
718 1861 785 1948 qui,
809 1872 845 1926 ut
854 1863 998 1931 (lusimus
1014 1875 1148 1957 poan„

99 1953 139 2018 in
155 1948 311 2016 adverbio
328 1958 460 2030 acutus,
484 1949 520 2011 in
537 1947 783 2036 praepositione
798 1947 904 2034 gravis
921 1962 978 2015 est.

186 2033 442 2122 Praepositionis
461 2033 613 2122 exempla
628 2035 696 2097 iam
718 2055 737 2096 a
757 2053 813 2097 me
829 2033 924 2114 allata
937 2045 1015 2102 sunt
1030 2038 1147 2121 multa,

100 2122 138 2188 in
160 2119 278 2206 quibus
296 2117 450 2183 omnibus
471 2129 607 2204 unaest
630 2119 715 2182 ratio
739 2127 806 2182 tem
836 2121 903 2184 oris
928 2120 1084 2204 absoluti,
1113 2137 1148 2192 et

23 2209 26 2217 '
101 2207 144 2272 ad
169 2204 259 2272 aliud
282 2213 409 2268 cenum
432 2214 563 2290 tempus
589 2203 702 2284 relati,
734 2141 831 2288 quod
840 2206 887 2286 ei,
916 2207 1147 2295 quiloquitur.

101 2291 193 2359 aliud
220 2312 289 2354 esse
311 2311 382 2354 non
404 2299 515 2378 potest
534 2287 596 2354 nisi
614 2309 779 2375 praesens.
822 2289 930 2354 Nemo
951 2292 1050 2380 igitur
1064 2295 1149 2360 dixit
1202 2293 1205 2306 '

102 2378 145 2444 de
170 2386 324 2464 tempore
347 2385 423 2440 ante
446 2385 519 2439 acto
546 2383 626 2439 aute
642 2372 773 2459 aliquot
794 2372 867 2442 dies
889 2377 979 2442 venit
995 2389 1058 2466 pro
1077 2381 1149 2446 ali·
1209 2437 1219 2445 .

102 2473 185 2552 quot
209 2473 289 2526 onte
310 2458 427 2527 diebus
453 2459 561 2541 venit,
597 2459 661 2524 nisi
683 2459 790 2523 oratio
812 2460 853 2525 de
900 2465 1058 2542 rapteritis
1082 2467 1150 2554 agit

103 2559 279 2634 tamquam
303 2547 344 2610 de
391 2546 604 2632 raesentibus.
646 2544 819 2610 Cornelius
835 2484 908 2612 sil)

102 2634 255 2720 scripsit:
287 2633 352 2696 lum
366 2570 587 2696 luittriaatea
603 2653 679 2696 cum
696 2653 784 2707 uno,
808 2632 864 2697 eui
878 2635 1069 2706 maximam
1080 2638 1149 2702 lra-

54 2753 57 2759 ·
102 2718 206 2791 bebat
220 2714 346 2806 fidem,
373 2727 454 2781 ante
477 2717 607 2803 aliquot
629 2715 703 2781 dies
726 2717 833 2796 venit,
863 2717 1151 2810 compluribusque

102 2805 193 2870 locis
208 2801 400 2890 separatim
410 2799 554 2888 gladios
581 2799 704 2865 obruit.
728 2810 783 2864 aut
798 2801 935 2867 nimiam
950 2805 1016 2870 vim
1033 2807 1150 2875 tribuit

102 2891 268 2956 historico
299 2889 483 2976 praesenti,
521 2894 577 2950 aut
612 2885 801 2950 adverbium
831 2887 984 2976 ambiguo
1014 2893 1149 2979 quidem
1242 2897 1247 2907 “

912 2549 1008 2613 atam.
1035 2557 1093 2633 11,
1112 2559 1149 2618 ⁴2.
1213 2569 1250 2589 '·

104 2996 216 3056 sensu,
232 2974 290 3038 sed
305 2981 516 3060 nonpraeter
525 2970 944 3059 grammaticamrationem
960 2985 1035 3041 ante
1050 3001 1150 3044 secu.-
1237 2982 1239 2988 ’
1276 3007 1279 3014 «

104 3062 249 3127 sativum
264 3061 395 3146 posuit,
418 3068 474 3122 aut
488 3057 627 3142 denique
642 3055 728 3120 male
748 3057 889 3146 scripsit.
931 3061 1045 3148 Neque
1064 3086 1150 3128 con·

62 3143 64 3146 ’
104 3147 190 3213 ferri
208 3155 357 3294 possunt
381 3141 442 3242 alia
466 3142 635 3242 euempla,
676 3141 712 3204 in
741 3141 999 3242 quibuslegitur
1020 3149 1149 3238 aliquot

106 3243 192 3298 ante
233 3253 292 3296 ies.
334 3227 373 3293 In
392 3251 431 3292 us
448 3249 535 3292 enim
551 3239 632 3293 ante
654 3236 703 3292 est
718 3227 928 3312 adverbium,
958 3254 1027 3296 non
1051 3255 1150 3322 prae-

104 3316 235 3408 positio
261 3337 322 3404 par
344 3312 565 3401 anastrophen
585 3324 675 3376 trans
703 3313 796 3378 osita.
837 3315 924 3387 Nam
943 3318 1041 3382 sicuti
1061 3331 1151 3387 recte
1257 3319 1272 3344 l
1310 3309 1313 3320 ¹

106 3403 233 3466 dicitur
255 3405 375 3465 nomam
402 3411 505 3484 pater
527 3395 649 3462 abbinc
675 3335 743 3462 duo
765 3410 799 3468 et
819 3399 944 3486 viginti
968 3427 1077 3468 annos
1100 3417 1152 3472 est
1218 3427 1222 3430 ·
1281 3455 1287 3462 .

105 3499 263 3554 nwrtaua
288 3485 357 3550 Cic.
385 3487 480 3549 Verr.
505 3488 544 3566 2,
566 3487 607 3560 9,
630 3483 683 3548 25.
705 3483 1019 3564 tristantium,
1043 3489 1097 3574 24,
1118 3491 1151 3558 5.

106 3571 295 3658 eademque
314 3593 355 3635 ne
370 3569 638 3668 ‘ligentia'eram
667 3591 753 3656 quae
770 3569 967 3641 Chalcidem
982 3572 1054 3638 dies
1070 3589 1151 3643 ante
1217 3607 1219 3610 ·

107 3663 246 3747 paucos
268 3678 336 3742 pro
363 3652 477 3718 aderat
503 3663 535 3718 et
549 3654 691 3720 Sueten.
717 3655 811 3728 Caes.¹
833 3660 886 3720 81.
941 3679 1041 3723 aucas
1071 3675 1153 3728 ante

106 3765 243 3809 menses
272 3751 304 3806 et
330 3740 464 3804 Tacitus
479 3741 563 3802 Ann.
586 3746 644 3818 14,
665 3745 697 3804 9.
717 3741 806 3805 tanc
830 3743 884 3806 sui
896 3680 1008 3830 ditem
1028 3747 1161 3814 multoe·

106 3839 195 3893 ante
217 3849 333 3896 tannes
370 3821 566 3888 crediderat
596 3824 797 3910 Agrippina
830 3841 1151 3920 contempseratque.

107 3914 325 4010 Quamquam
352 3923 431 3975 non
449 3909 636 3996 negaverim
656 3910 797 3975 'inveniri
819 3914 978 3998 quasdam
999 3917 1151 3982 traiectae

105 3996 370 4087 praepositionis
394 3993 557 4082 exempla.
608 3993 694 4058 Nam
720 3994 875 4081 leguntur
904 3999 992 4090 apud
1018 4002 1150 4089 Cornel.
1218 3991 1234 4016 ⁴
1346 4053 1348 4060 ⁴

29 4083 32 4146 'a
107 4081 299 4165 Chabreb,
324 4087 353 4146 1.
374 4079 464 4145 diem
491 4091 621 4144 certam
639 4101 800 4168 -quam
822 4095 903 4150 ante
925 4083 1063 4156 damiam
1084 4085 1153 4151 nisi
1182 4087 1194 4149 “.

107 4167 276 4252 redisset,
297 4163 386 4258 apud
403 4163 518 4234 Vellei.
534 4167 603 4234 Pa.
618 4171 657 4251 2,
679 4169 741 4253 91,
764 4173 795 4234 2.
817 4169 879 4233 lzoc
896 4181 994 4256 ante,
1015 4170 1073 4239 ubi
1086 4172 1151 4240 vid.

379 4320 387 4350 ,
826 4271 927 4366 24*ι

484 4465 494 4483 δ
