<?xml version="1.0" encoding="UTF-8"?>
<!DOCTYPE html PUBLIC "-//W3C//DTD XHTML 1.0 Transitional//EN"
    "http://www.w3.org/TR/xhtml1/DTD/xhtml1-transitional.dtd">
<html xmlns="http://www.w3.org/1999/xhtml" xml:lang="en" lang="en">
 <head>
  <title>
</title>
<meta http-equiv="Content-Type" content="text/html;charset=utf-8" />
  <meta name='ocr-system' content='tesseract 3.04.00' />
  <meta name='ocr-capabilities' content='ocr_page ocr_carea ocr_par ocr_line ocrx_word'/>
</head>
<body>
  <div class='ocr_page' id='page_1' title='image "./ferdinandihandi00torsgoog_0460.png"; bbox 0 0 2726 4746; ppageno 0'>
   <div class='ocr_carea' id='block_1_1' title="bbox 192 299 968 405">
    <p class='ocr_par' dir='ltr' id='par_1_1' title="bbox 192 299 968 405">
     <span class='ocr_line' id='line_1_1' title="bbox 192 299 968 405; baseline -0.003 -3"><span class='ocrx_word' id='word_1_1' title='bbox 192 299 288 405; x_wconf 61' lang='lat' dir='ltr'>&#39;aas</span> <span class='ocrx_word' id='word_1_2' title='bbox 338 353 344 366; x_wconf 57' lang='grc'><strong><em>’</em></strong></span> <span class='ocrx_word' id='word_1_3' title='bbox 642 335 738 405; x_wconf 72' lang='lat' dir='ltr'>esu.</span> <span class='ocrx_word' id='word_1_4' title='bbox 781 335 853 400; x_wconf 80' lang='lat' dir='ltr'>ir.</span> <span class='ocrx_word' id='word_1_5' title='bbox 963 345 968 358; x_wconf 92' lang='lat'><em>·</em></span> 
     </span>
    </p>
   </div>
   <div class='ocr_carea' id='block_1_2' title="bbox 294 489 1289 905">
    <p class='ocr_par' dir='ltr' id='par_1_2' title="bbox 294 489 1289 905">
     <span class='ocr_line' id='line_1_2' title="bbox 294 489 1289 564; baseline 0 -18"><span class='ocrx_word' id='word_1_6' title='bbox 294 496 367 548; x_wconf 74' lang='lat' dir='ltr'>ritar</span> <span class='ocrx_word' id='word_1_7' title='bbox 396 492 568 562; x_wconf 70' lang='lat' dir='ltr'>exemplum,</span> <span class='ocrx_word' id='word_1_8' title='bbox 600 489 794 562; x_wconf 72' lang='lat' dir='ltr'>Xenophilum</span> <span class='ocrx_word' id='word_1_9' title='bbox 812 493 945 546; x_wconf 82' lang='lat' dir='ltr'>musicum</span> <span class='ocrx_word' id='word_1_10' title='bbox 964 502 1072 546; x_wconf 70' lang='lat' dir='ltr'>remam</span> <span class='ocrx_word' id='word_1_11' title='bbox 1096 499 1125 546; x_wconf 82' lang='lat' dir='ltr'>et</span> <span class='ocrx_word' id='word_1_12' title='bbox 1160 494 1289 564; x_wconf 72' lang='lat' dir='ltr'>quiaque</span> 
     </span>
     <span class='ocr_line' id='line_1_3' title="bbox 301 575 1287 647; baseline -0.003 -14"><span class='ocrx_word' id='word_1_13' title='bbox 301 580 382 633; x_wconf 79' lang='lat' dir='ltr'>annis</span> <span class='ocrx_word' id='word_1_14' title='bbox 397 579 500 632; x_wconf 75' lang='lat' dir='ltr'>viriosa</span> <span class='ocrx_word' id='word_1_15' title='bbox 518 581 577 630; x_wconf 83' lang='lat' dir='ltr'>sina</span> <span class='ocrx_word' id='word_1_16' title='bbox 595 575 656 629; x_wconf 87' lang='lat' dir='ltr'>ullo</span> <span class='ocrx_word' id='word_1_17' title='bbox 677 579 798 647; x_wconf 80' lang='lat' dir='ltr'>corporis</span> <span class='ocrx_word' id='word_1_18' title='bbox 818 577 1001 630; x_wconf 82' lang='lat' dir='ltr'>incommodo.</span> <span class='ocrx_word' id='word_1_19' title='bbox 1036 578 1078 631; x_wconf 80' lang='lat' dir='ltr'>At</span> <span class='ocrx_word' id='word_1_20' title='bbox 1096 575 1224 635; x_wconf 76' lang='lat' dir='ltr'>hercules</span> <span class='ocrx_word' id='word_1_21' title='bbox 1244 598 1287 630; x_wconf 82' lang='lat' dir='ltr'>re-</span> 
     </span>
     <span class='ocr_line' id='line_1_4' title="bbox 301 659 1286 735; baseline -0.001 -19"><span class='ocrx_word' id='word_1_22' title='bbox 301 663 386 735; x_wconf 79' lang='lat' dir='ltr'>liquis</span> <span class='ocrx_word' id='word_1_23' title='bbox 406 660 532 718; x_wconf 74' lang='lat' dir='ltr'>omnibus</span> <span class='ocrx_word' id='word_1_24' title='bbox 552 661 747 732; x_wconf 81' lang='lat' dir='ltr'>persingulas</span> <span class='ocrx_word' id='word_1_25' title='bbox 771 659 952 714; x_wconf 81' lang='lat' dir='ltr'>membrorum</span> <span class='ocrx_word' id='word_1_26' title='bbox 969 672 1065 732; x_wconf 82' lang='lat' dir='ltr'>partes</span> <span class='ocrx_word' id='word_1_27' title='bbox 1083 689 1117 704; x_wconf 79' lang='lat'>-·</span> <span class='ocrx_word' id='word_1_28' title='bbox 1134 666 1218 715; x_wconf 79' lang='lat' dir='ltr'>cartis</span> <span class='ocrx_word' id='word_1_29' title='bbox 1236 681 1286 732; x_wconf 84' lang='lat' dir='ltr'>pe·</span> 
     </span>
     <span class='ocr_line' id='line_1_5' title="bbox 300 743 1286 817; baseline -0.001 -16"><span class='ocrx_word' id='word_1_30' title='bbox 300 743 384 817; x_wconf 81' lang='lat' dir='ltr'>stiser</span> <span class='ocrx_word' id='word_1_31' title='bbox 401 747 479 804; x_wconf 90' lang='lat' dir='ltr'>calor</span> <span class='ocrx_word' id='word_1_32' title='bbox 497 757 600 800; x_wconf 81' lang='lat' dir='ltr'><em>remeat</em></span> <span class='ocrx_word' id='word_1_33' title='bbox 627 745 711 800; x_wconf 85' lang='lat' dir='ltr'>lroris.</span> <span class='ocrx_word' id='word_1_34' title='bbox 747 745 796 807; x_wconf 71' lang='lat'>29,</span> <span class='ocrx_word' id='word_1_35' title='bbox 815 745 849 811; x_wconf 83' lang='lat'>6,</span> <span class='ocrx_word' id='word_1_36' title='bbox 867 745 911 800; x_wconf 79' lang='grc'>39.</span> <span class='ocrx_word' id='word_1_37' title='bbox 939 757 971 802; x_wconf 91' lang='lat' dir='ltr'>at</span> <span class='ocrx_word' id='word_1_38' title='bbox 996 745 1106 801; x_wconf 74' lang='lat' dir='ltr'>hercula</span> <span class='ocrx_word' id='word_1_39' title='bbox 1136 746 1286 802; x_wconf 78' lang='lat' dir='ltr'>Diodorus</span> 
     </span>
     <span class='ocr_line' id='line_1_6' title="bbox 299 825 1234 905; baseline -0.001 -20"><span class='ocrx_word' id='word_1_40' title='bbox 299 843 328 886; x_wconf 79' lang='lat' dir='ltr'>ct</span> <span class='ocrx_word' id='word_1_41' title='bbox 345 835 375 887; x_wconf 82' lang='lat' dir='ltr'>in</span> <span class='ocrx_word' id='word_1_42' title='bbox 388 829 484 886; x_wconf 78' lang='lat' dir='ltr'>morbo</span> <span class='ocrx_word' id='word_1_43' title='bbox 502 836 578 905; x_wconf 77' lang='lat' dir='ltr'>ragio</span> <span class='ocrx_word' id='word_1_44' title='bbox 601 843 629 886; x_wconf 83' lang='lat' dir='ltr'>et</span> <span class='ocrx_word' id='word_1_45' title='bbox 647 829 835 901; x_wconf 74' lang='lat' dir='ltr'>orthopnoicis</span> <span class='ocrx_word' id='word_1_46' title='bbox 856 849 886 886; x_wconf 83' lang='lat' dir='ltr'>sa</span> <span class='ocrx_word' id='word_1_47' title='bbox 903 831 932 886; x_wconf 78' lang='lat' dir='ltr'>it</span> <span class='ocrx_word' id='word_1_48' title='bbox 953 831 1065 886; x_wconf 78' lang='lat' dir='ltr'>dedisse</span> <span class='ocrx_word' id='word_1_49' title='bbox 1074 825 1182 888; x_wconf 80' lang='lat' dir='ltr'>tradit.</span> <span class='ocrx_word' id='word_1_50' title='bbox 1225 885 1234 896; x_wconf 69' lang='lat'>‚</span> 
     </span>
    </p>
   </div>
   <div class='ocr_carea' id='block_1_3' title="bbox 242 933 1287 1261">
    <p class='ocr_par' dir='ltr' id='par_1_3' title="bbox 299 933 1286 1178">
     <span class='ocr_line' id='line_1_7' title="bbox 336 933 1286 1000; baseline 0.002 -13"><span class='ocrx_word' id='word_1_51' title='bbox 336 939 368 988; x_wconf 88' lang='lat' dir='ltr'>In</span> <span class='ocrx_word' id='word_1_52' title='bbox 394 938 480 990; x_wconf 80' lang='lat' dir='ltr'>Tacit.</span> <span class='ocrx_word' id='word_1_53' title='bbox 513 941 581 990; x_wconf 79' lang='lat' dir='ltr'>Anu.</span> <span class='ocrx_word' id='word_1_54' title='bbox 606 935 638 1000; x_wconf 93' lang='lat'>1,</span> <span class='ocrx_word' id='word_1_55' title='bbox 665 934 692 990; x_wconf 81' lang='grc'>3.</span> <span class='ocrx_word' id='word_1_56' title='bbox 726 946 759 989; x_wconf 90' lang='lat' dir='ltr'>at</span> <span class='ocrx_word' id='word_1_57' title='bbox 783 933 894 990; x_wconf 72' lang='lat' dir='ltr'>uocate</span> <span class='ocrx_word' id='word_1_58' title='bbox 923 933 1137 1000; x_wconf 81' lang='lat' dir='ltr'>Germanicam,</span> <span class='ocrx_word' id='word_1_59' title='bbox 1189 937 1286 990; x_wconf 80' lang='lat' dir='ltr'><strong><em>Druso</em></strong></span> 
     </span>
     <span class='ocr_line' id='line_1_8' title="bbox 301 1019 1285 1093; baseline -0.001 -19"><span class='ocrx_word' id='word_1_60' title='bbox 301 1030 408 1089; x_wconf 81' lang='lat' dir='ltr'>ortana,</span> <span class='ocrx_word' id='word_1_61' title='bbox 426 1019 490 1076; x_wconf 87' lang='lat' dir='ltr'>octo</span> <span class='ocrx_word' id='word_1_62' title='bbox 513 1022 591 1090; x_wconf 81' lang='lat' dir='ltr'>apud</span> <span class='ocrx_word' id='word_1_63' title='bbox 610 1021 738 1076; x_wconf 81' lang='lat' dir='ltr'>Rhenum</span> <span class='ocrx_word' id='word_1_64' title='bbox 763 1019 919 1091; x_wconf 76' lang='lat' dir='ltr'>lagiouibus</span> <span class='ocrx_word' id='word_1_65' title='bbox 945 1024 1096 1091; x_wconf 78' lang='lat' dir='ltr'><strong><em>imposuit,</em></strong></span> <span class='ocrx_word' id='word_1_66' title='bbox 1123 1020 1285 1093; x_wconf 75' lang='lat' dir='ltr'><em>adscirique</em></span> 
     </span>
     <span class='ocr_line' id='line_1_9' title="bbox 299 1105 1285 1178; baseline 0 -20"><span class='ocrx_word' id='word_1_67' title='bbox 299 1123 352 1173; x_wconf 82' lang='lat' dir='ltr'>par</span> <span class='ocrx_word' id='word_1_68' title='bbox 367 1107 549 1178; x_wconf 76' lang='lat' dir='ltr'>adoptionem</span> <span class='ocrx_word' id='word_1_69' title='bbox 568 1128 586 1159; x_wconf 90' lang='lat' dir='ltr'>a</span> <span class='ocrx_word' id='word_1_70' title='bbox 613 1105 724 1161; x_wconf 82' lang='lat' dir='ltr'>Tiberio</span> <span class='ocrx_word' id='word_1_71' title='bbox 746 1107 834 1160; x_wconf 86' lang='lat' dir='ltr'>iussit.</span> <span class='ocrx_word' id='word_1_72' title='bbox 869 1105 1053 1172; x_wconf 86' lang='lat' dir='ltr'>Significatur,</span> <span class='ocrx_word' id='word_1_73' title='bbox 1076 1106 1173 1158; x_wconf 87' lang='lat' dir='ltr'>mirum</span> <span class='ocrx_word' id='word_1_74' title='bbox 1190 1107 1221 1158; x_wconf 86' lang='lat' dir='ltr'>id</span> <span class='ocrx_word' id='word_1_75' title='bbox 1242 1108 1285 1157; x_wconf 79' lang='lat' dir='ltr'>vi-</span> 
     </span>
    </p>

    <p class='ocr_par' dir='ltr' id='par_1_4' title="bbox 242 1190 1287 1261">
     <span class='ocr_line' id='line_1_10' title="bbox 242 1190 1287 1261; baseline 0.002 -20"><span class='ocrx_word' id='word_1_76' title='bbox 242 1220 246 1230; x_wconf 91' lang='lat'>·</span> <span class='ocrx_word' id='word_1_77' title='bbox 298 1190 374 1255; x_wconf 83' lang='lat' dir='ltr'>deri,</span> <span class='ocrx_word' id='word_1_78' title='bbox 405 1211 483 1261; x_wconf 86' lang='lat' dir='ltr'>quarn</span> <span class='ocrx_word' id='word_1_79' title='bbox 507 1193 628 1245; x_wconf 86' lang='lat' dir='ltr'>Tiberius</span> <span class='ocrx_word' id='word_1_80' title='bbox 656 1211 689 1246; x_wconf 77' lang='lat' dir='ltr'>ex</span> <span class='ocrx_word' id='word_1_81' title='bbox 714 1190 839 1260; x_wconf 77' lang='lat' dir='ltr'>Vipsania</span> <span class='ocrx_word' id='word_1_82' title='bbox 864 1191 1009 1260; x_wconf 81' lang='lat' dir='ltr'>Agrippina</span> <span class='ocrx_word' id='word_1_83' title='bbox 1042 1191 1126 1244; x_wconf 78' lang='lat' dir='ltr'>filium</span> <span class='ocrx_word' id='word_1_84' title='bbox 1149 1192 1287 1243; x_wconf 79' lang='lat' dir='ltr'><strong>habuisset</strong></span> 
     </span>
    </p>
   </div>
   <div class='ocr_carea' id='block_1_4' title="bbox 301 1274 1352 1352">
    <p class='ocr_par' dir='ltr' id='par_1_5' title="bbox 301 1274 1352 1352">
     <span class='ocr_line' id='line_1_11' title="bbox 301 1274 1352 1352; baseline 0.003 -27"><span class='ocrx_word' id='word_1_85' title='bbox 301 1275 414 1326; x_wconf 86' lang='lat' dir='ltr'>Drusum</span> <span class='ocrx_word' id='word_1_86' title='bbox 435 1279 580 1333; x_wconf 85' lang='lat' dir='ltr'>Gaesarem.</span> <span class='ocrx_word' id='word_1_87' title='bbox 614 1276 803 1341; x_wconf 81' lang='lat' dir='ltr'>ln&#39;1,t7.et</span> <span class='ocrx_word' id='word_1_88' title='bbox 824 1276 857 1340; x_wconf 90' lang='lat'>1,</span> <span class='ocrx_word' id='word_1_89' title='bbox 877 1274 921 1328; x_wconf 76' lang='lat'>26.</span> <span class='ocrx_word' id='word_1_90' title='bbox 951 1275 1104 1346; x_wconf 80' lang='lat' dir='ltr'>designatur</span> <span class='ocrx_word' id='word_1_91' title='bbox 1121 1295 1166 1328; x_wconf 86' lang='lat' dir='ltr'>res</span> <span class='ocrx_word' id='word_1_92' title='bbox 1188 1279 1287 1329; x_wconf 85' lang='lat' dir='ltr'>acerba</span> <span class='ocrx_word' id='word_1_93' title='bbox 1351 1321 1352 1352; x_wconf 25' lang='grc' dir='ltr'>ᾗ</span> 
     </span>
    </p>
   </div>
   <div class='ocr_carea' id='block_1_5' title="bbox 267 1361 1285 1516">
    <p class='ocr_par' dir='ltr' id='par_1_6' title="bbox 267 1361 1285 1516">
     <span class='ocr_line' id='line_1_12' title="bbox 267 1361 1285 1432; baseline 0.004 -23"><span class='ocrx_word' id='word_1_94' title='bbox 267 1385 269 1390; x_wconf 93' lang='grc'><strong><em>·</em></strong></span> <span class='ocrx_word' id='word_1_95' title='bbox 301 1369 329 1409; x_wconf 84' lang='lat' dir='ltr'>et</span> <span class='ocrx_word' id='word_1_96' title='bbox 346 1361 446 1416; x_wconf 86' lang='lat' dir='ltr'>odiosa.</span> <span class='ocrx_word' id='word_1_97' title='bbox 471 1364 578 1432; x_wconf 80' lang='lat' dir='ltr'>Saepius</span> <span class='ocrx_word' id='word_1_98' title='bbox 597 1363 712 1415; x_wconf 88' lang='lat' dir='ltr'>occurrit</span> <span class='ocrx_word' id='word_1_99' title='bbox 731 1362 759 1412; x_wconf 88' lang='lat' dir='ltr'>iu</span> <span class='ocrx_word' id='word_1_100' title='bbox 776 1361 889 1430; x_wconf 85' lang='lat' dir='ltr'>Dialogo</span> <span class='ocrx_word' id='word_1_101' title='bbox 907 1361 939 1415; x_wconf 86' lang='lat' dir='ltr'>de</span> <span class='ocrx_word' id='word_1_102' title='bbox 961 1363 1066 1416; x_wconf 82' lang='lat' dir='ltr'>Orator.</span> <span class='ocrx_word' id='word_1_103' title='bbox 1097 1361 1152 1415; x_wconf 81' lang='lat' dir='ltr'>vid.</span> <span class='ocrx_word' id='word_1_104' title='bbox 1170 1361 1216 1419; x_wconf 87' lang='lat'>19.</span> <span class='ocrx_word' id='word_1_105' title='bbox 1241 1363 1285 1415; x_wconf 76' lang='lat' dir='ltr'>tt.</span> 
     </span>
     <span class='ocr_line' id='line_1_13' title="bbox 299 1443 902 1516; baseline 0.007 -22"><span class='ocrx_word' id='word_1_106' title='bbox 299 1443 383 1514; x_wconf 84' lang='lat' dir='ltr'>Epist.</span> <span class='ocrx_word' id='word_1_107' title='bbox 401 1447 435 1498; x_wconf 86' lang='lat' dir='ltr'>ad</span> <span class='ocrx_word' id='word_1_108' title='bbox 452 1449 526 1500; x_wconf 82' lang='lat' dir='ltr'>Gaea.</span> <span class='ocrx_word' id='word_1_109' title='bbox 544 1450 576 1501; x_wconf 83' lang='lat' dir='ltr'>de</span> <span class='ocrx_word' id='word_1_110' title='bbox 593 1449 686 1501; x_wconf 85' lang='lat' dir='ltr'>Ordin.</span> <span class='ocrx_word' id='word_1_111' title='bbox 702 1465 759 1516; x_wconf 85' lang='lat' dir='ltr'>rep.</span> <span class='ocrx_word' id='word_1_112' title='bbox 772 1445 804 1512; x_wconf 78' lang='lat'>2,</span> <span class='ocrx_word' id='word_1_113' title='bbox 824 1443 858 1508; x_wconf 82' lang='lat'>4,</span> <span class='ocrx_word' id='word_1_114' title='bbox 876 1445 902 1498; x_wconf 79' lang='grc'>2.</span> 
     </span>
    </p>
   </div>
   <div class='ocr_carea' id='block_1_6' title="bbox 232 1543 1285 1826">
    <p class='ocr_par' dir='ltr' id='par_1_7' title="bbox 232 1543 1285 1826">
     <span class='ocr_line' id='line_1_14' title="bbox 319 1543 1285 1654; baseline 0.002 -27"><span class='ocrx_word' id='word_1_115' title='bbox 319 1567 371 1628; x_wconf 80' lang='lat'>12.</span> <span class='ocrx_word' id='word_1_116' title='bbox 394 1563 453 1629; x_wconf 89' lang='lat' dir='ltr'>Est</span> <span class='ocrx_word' id='word_1_117' title='bbox 472 1543 569 1631; x_wconf 89' lang='lat' dir='ltr'>huius</span> <span class='ocrx_word' id='word_1_118' title='bbox 585 1565 761 1654; x_wconf 75' lang='lat' dir='ltr'>particulae</span> <span class='ocrx_word' id='word_1_119' title='bbox 785 1563 901 1649; x_wconf 90' lang='lat' dir='ltr'>aliquis</span> <span class='ocrx_word' id='word_1_120' title='bbox 917 1585 1015 1644; x_wconf 86' lang='lat' dir='ltr'>usus,</span> <span class='ocrx_word' id='word_1_121' title='bbox 1039 1585 1106 1652; x_wconf 91' lang='lat' dir='ltr'>quo</span> <span class='ocrx_word' id='word_1_122' title='bbox 1123 1563 1163 1628; x_wconf 92' lang='lat' dir='ltr'>ad</span> <span class='ocrx_word' id='word_1_123' title='bbox 1180 1565 1285 1630; x_wconf 87' lang='lat' dir='ltr'>inter-</span> 
     </span>
     <span class='ocr_line' id='line_1_15' title="bbox 233 1643 1283 1750; baseline 0.009 -43"><span class='ocrx_word' id='word_1_124' title='bbox 233 1643 384 1744; x_wconf 74' lang='lat' dir='ltr'>iectionis</span> <span class='ocrx_word' id='word_1_125' title='bbox 407 1651 553 1717; x_wconf 88' lang='lat' dir='ltr'>formam</span> <span class='ocrx_word' id='word_1_126' title='bbox 574 1654 714 1741; x_wconf 87' lang='lat' dir='ltr'>propius</span> <span class='ocrx_word' id='word_1_127' title='bbox 738 1652 783 1714; x_wconf 87' lang='lat' dir='ltr'>ita</span> <span class='ocrx_word' id='word_1_128' title='bbox 806 1649 955 1747; x_wconf 32' lang='lat' dir='ltr'>accedit&amp;</span> <span class='ocrx_word' id='word_1_129' title='bbox 976 1651 1283 1750; x_wconf 77' lang='lat' dir='ltr'>utadmirationem</span> 
     </span>
     <span class='ocr_line' id='line_1_16' title="bbox 232 1743 1243 1826; baseline 0.006 -30"><span class='ocrx_word' id='word_1_130' title='bbox 232 1750 281 1798; x_wconf 84' lang='lat' dir='ltr'>rei</span> <span class='ocrx_word' id='word_1_131' title='bbox 297 1744 391 1820; x_wconf 80' lang='lat' dir='ltr'>autea</span> <span class='ocrx_word' id='word_1_132' title='bbox 405 1759 475 1807; x_wconf 90' lang='lat' dir='ltr'>non</span> <span class='ocrx_word' id='word_1_133' title='bbox 493 1743 659 1826; x_wconf 80' lang='lat' dir='ltr'>cognitae,</span> <span class='ocrx_word' id='word_1_134' title='bbox 679 1757 767 1801; x_wconf 89' lang='lat' dir='ltr'>nuno</span> <span class='ocrx_word' id='word_1_135' title='bbox 784 1746 1041 1822; x_wconf 85' lang='lat' dir='ltr'>supervenientis</span> <span class='ocrx_word' id='word_1_136' title='bbox 1061 1748 1243 1822; x_wconf 79' lang='lat' dir='ltr'>exprimat.</span> 
     </span>
    </p>
   </div>
   <div class='ocr_carea' id='block_1_7' title="bbox 259 1853 1283 2176">
    <p class='ocr_par' dir='ltr' id='par_1_8' title="bbox 259 1853 1283 2176">
     <span class='ocr_line' id='line_1_17' title="bbox 259 1853 1282 1930; baseline 0.007 -25"><span class='ocrx_word' id='word_1_137' title='bbox 259 1859 263 1878; x_wconf 87' lang='lat'><strong>¹</strong></span> <span class='ocrx_word' id='word_1_138' title='bbox 333 1854 440 1908; x_wconf 85' lang='lat' dir='ltr'>Terent.</span> <span class='ocrx_word' id='word_1_139' title='bbox 461 1859 527 1909; x_wconf 81' lang='lat' dir='ltr'>Eun.</span> <span class='ocrx_word' id='word_1_140' title='bbox 545 1858 577 1921; x_wconf 88' lang='lat'>1,</span> <span class='ocrx_word' id='word_1_141' title='bbox 596 1859 630 1923; x_wconf 76' lang='lat'>2,</span> <span class='ocrx_word' id='word_1_142' title='bbox 649 1855 692 1911; x_wconf 83' lang='lat'>75.</span> <span class='ocrx_word' id='word_1_143' title='bbox 709 1867 741 1910; x_wconf 86' lang='lat' dir='ltr'>at</span> <span class='ocrx_word' id='word_1_144' title='bbox 758 1874 809 1927; x_wconf 83' lang='lat' dir='ltr'>ago</span> <span class='ocrx_word' id='word_1_145' title='bbox 828 1853 998 1921; x_wconf 82' lang='lat' dir='ltr'>nesciebam,</span> <span class='ocrx_word' id='word_1_146' title='bbox 1016 1874 1148 1930; x_wconf 81' lang='lat' dir='ltr'>quorsum</span> <span class='ocrx_word' id='word_1_147' title='bbox 1170 1869 1202 1910; x_wconf 87' lang='lat' dir='ltr'>tu</span> <span class='ocrx_word' id='word_1_148' title='bbox 1222 1861 1282 1912; x_wconf 86' lang='lat' dir='ltr'>ires.</span> 
     </span>
     <span class='ocr_line' id='line_1_18' title="bbox 301 1939 1283 2026; baseline 0.005 -38"><span class='ocrx_word' id='word_1_149' title='bbox 301 1939 372 2006; x_wconf 86' lang='lat' dir='ltr'>quod</span> <span class='ocrx_word' id='word_1_150' title='bbox 397 1943 545 2011; x_wconf 73' lang='lat' dir='ltr'>explicant:</span> <span class='ocrx_word' id='word_1_151' title='bbox 582 1961 651 1996; x_wconf 89' lang='lat' dir='ltr'>nunc</span> <span class='ocrx_word' id='word_1_152' title='bbox 675 1942 776 2006; x_wconf 84' lang='lat' dir='ltr'>sentio,</span> <span class='ocrx_word' id='word_1_153' title='bbox 812 1941 875 2009; x_wconf 92' lang='lat' dir='ltr'>quid</span> <span class='ocrx_word' id='word_1_154' title='bbox 893 1941 944 1994; x_wconf 85' lang='lat' dir='ltr'>sibi</span> <span class='ocrx_word' id='word_1_155' title='bbox 960 1942 1025 1994; x_wconf 84' lang='lat' dir='ltr'>velit</span> <span class='ocrx_word' id='word_1_156' title='bbox 1044 1952 1090 1992; x_wconf 90' lang='lat' dir='ltr'>tua</span> <span class='ocrx_word' id='word_1_157' title='bbox 1109 1944 1215 2026; x_wconf 72' lang='lat' dir='ltr'>opatio:</span> <span class='ocrx_word' id='word_1_158' title='bbox 1257 1953 1283 1993; x_wconf 87' lang='lat' dir='ltr'>at</span> 
     </span>
     <span class='ocr_line' id='line_1_19' title="bbox 301 2023 1281 2099; baseline 0.005 -26"><span class='ocrx_word' id='word_1_159' title='bbox 301 2034 379 2078; x_wconf 79' lang='lat' dir='ltr'>antea</span> <span class='ocrx_word' id='word_1_160' title='bbox 398 2028 560 2096; x_wconf 78' lang='lat' dir='ltr'>ignorabam.</span> <span class='ocrx_word' id='word_1_161' title='bbox 594 2028 646 2080; x_wconf 80' lang='lat' dir='ltr'>Sed</span> <span class='ocrx_word' id='word_1_162' title='bbox 665 2028 781 2079; x_wconf 84' lang='lat' dir='ltr'>admixta</span> <span class='ocrx_word' id='word_1_163' title='bbox 798 2035 840 2080; x_wconf 83' lang='lat' dir='ltr'>eat</span> <span class='ocrx_word' id='word_1_164' title='bbox 856 2025 1011 2078; x_wconf 67' lang='lat' dir='ltr'>semeiae:</span> <span class='ocrx_word' id='word_1_165' title='bbox 1031 2023 1130 2099; x_wconf 79' lang='lat' dir='ltr'>wasst&#39;</span> <span class='ocrx_word' id='word_1_166' title='bbox 1148 2026 1195 2082; x_wconf 79' lang='lat' dir='ltr'>ioli</span> <span class='ocrx_word' id='word_1_167' title='bbox 1213 2025 1281 2082; x_wconf 74' lang='lat' dir='ltr'>dccli</span> 
     </span>
     <span class='ocr_line' id='line_1_20' title="bbox 305 2107 769 2176; baseline 0.011 -16"><span class='ocrx_word' id='word_1_168' title='bbox 305 2107 400 2176; x_wconf 74' lang='lat' dir='ltr'>uicit,</span> <span class='ocrx_word' id='word_1_169' title='bbox 421 2111 566 2167; x_wconf 82' lang='lat' dir='ltr'>wolir&#39;rraus</span> <span class='ocrx_word' id='word_1_170' title='bbox 583 2113 621 2167; x_wconf 84' lang='lat' dir='ltr'>da</span> <span class='ocrx_word' id='word_1_171' title='bbox 636 2111 769 2170; x_wconf 80' lang='lat' dir='ltr'>wolltest.</span> 
     </span>
    </p>
   </div>
   <div class='ocr_carea' id='block_1_8' title="bbox 137 2225 1284 3088">
    <p class='ocr_par' dir='ltr' id='par_1_9' title="bbox 137 2225 1284 3088">
     <span class='ocr_line' id='line_1_21' title="bbox 280 2225 1282 2322; baseline 0.003 -29"><span class='ocrx_word' id='word_1_172' title='bbox 280 2225 283 2232; x_wconf 48' lang='lat'><strong>¹</strong></span> <span class='ocrx_word' id='word_1_173' title='bbox 308 2233 366 2310; x_wconf 65' lang='grc'>48.</span> <span class='ocrx_word' id='word_1_174' title='bbox 394 2229 716 2321; x_wconf 89' lang='lat' dir='ltr'>Interrogationum,</span> <span class='ocrx_word' id='word_1_175' title='bbox 734 2253 816 2322; x_wconf 87' lang='lat' dir='ltr'>quae</span> <span class='ocrx_word' id='word_1_176' title='bbox 834 2230 873 2300; x_wconf 89' lang='lat' dir='ltr'>ab</span> <span class='ocrx_word' id='word_1_177' title='bbox 891 2242 929 2296; x_wconf 89' lang='lat' dir='ltr'>ot</span> <span class='ocrx_word' id='word_1_178' title='bbox 953 2231 1139 2318; x_wconf 87' lang='lat' dir='ltr'>incipiunt,</span> <span class='ocrx_word' id='word_1_179' title='bbox 1158 2231 1282 2320; x_wconf 77' lang='lat' dir='ltr'>triplex</span> 
     </span>
     <span class='ocr_line' id='line_1_22' title="bbox 137 2317 1283 2405; baseline 0.006 -29"><span class='ocrx_word' id='word_1_180' title='bbox 137 2321 139 2330; x_wconf 77' lang='grc'><em>“</em></span> <span class='ocrx_word' id='word_1_181' title='bbox 235 2320 285 2376; x_wconf 80' lang='lat' dir='ltr'>eet</span> <span class='ocrx_word' id='word_1_182' title='bbox 300 2336 414 2401; x_wconf 85' lang='lat' dir='ltr'>genus.</span> <span class='ocrx_word' id='word_1_183' title='bbox 457 2321 523 2392; x_wconf 83' lang='lat' dir='ltr'>Aut</span> <span class='ocrx_word' id='word_1_184' title='bbox 539 2321 627 2384; x_wconf 89' lang='lat' dir='ltr'>euim</span> <span class='ocrx_word' id='word_1_185' title='bbox 642 2319 786 2388; x_wconf 83' lang='lat' dir='ltr'>relicitur</span> <span class='ocrx_word' id='word_1_186' title='bbox 803 2318 909 2405; x_wconf 89' lang='lat' dir='ltr'>aliqua</span> <span class='ocrx_word' id='word_1_187' title='bbox 927 2317 1085 2380; x_wconf 85' lang='lat' dir='ltr'>sententia</span> <span class='ocrx_word' id='word_1_188' title='bbox 1100 2317 1283 2404; x_wconf 16' lang='lat' dir='ltr'>per-iuter·</span> 
     </span>
     <span class='ocr_line' id='line_1_23' title="bbox 147 2400 1281 2494; baseline 0.009 -36"><span class='ocrx_word' id='word_1_189' title='bbox 147 2431 149 2436; x_wconf 68' lang='lat'>,</span> <span class='ocrx_word' id='word_1_190' title='bbox 233 2400 461 2483; x_wconf 82' lang='lat' dir='ltr'>rogationem,</span> <span class='ocrx_word' id='word_1_191' title='bbox 485 2416 540 2468; x_wconf 88' lang='lat' dir='ltr'>aut</span> <span class='ocrx_word' id='word_1_192' title='bbox 554 2408 662 2494; x_wconf 89' lang='lat' dir='ltr'>posita</span> <span class='ocrx_word' id='word_1_193' title='bbox 679 2415 711 2469; x_wconf 90' lang='lat' dir='ltr'>et</span> <span class='ocrx_word' id='word_1_194' title='bbox 733 2426 887 2469; x_wconf 86' lang='lat' dir='ltr'>concessa</span> <span class='ocrx_word' id='word_1_195' title='bbox 902 2425 939 2467; x_wconf 89' lang='lat' dir='ltr'>re</span> <span class='ocrx_word' id='word_1_196' title='bbox 957 2413 1032 2466; x_wconf 87' lang='lat' dir='ltr'>ante</span> <span class='ocrx_word' id='word_1_197' title='bbox 1048 2401 1153 2482; x_wconf 91' lang='lat' dir='ltr'>dicta,</span> <span class='ocrx_word' id='word_1_198' title='bbox 1177 2414 1281 2490; x_wconf 79' lang='lat' dir='ltr'>atten-</span> 
     </span>
     <span class='ocr_line' id='line_1_24' title="bbox 235 2480 1282 2574; baseline 0.008 -30"><span class='ocrx_word' id='word_1_199' title='bbox 235 2480 313 2545; x_wconf 85' lang='lat' dir='ltr'>dere</span> <span class='ocrx_word' id='word_1_200' title='bbox 328 2485 481 2550; x_wconf 88' lang='lat' dir='ltr'>iubemur</span> <span class='ocrx_word' id='word_1_201' title='bbox 499 2490 539 2554; x_wconf 91' lang='lat' dir='ltr'>ad</span> <span class='ocrx_word' id='word_1_202' title='bbox 556 2503 610 2569; x_wconf 78' lang='lat' dir='ltr'>ea,</span> <span class='ocrx_word' id='word_1_203' title='bbox 633 2511 716 2574; x_wconf 90' lang='lat' dir='ltr'>quae</span> <span class='ocrx_word' id='word_1_204' title='bbox 739 2491 772 2555; x_wconf 90' lang='lat' dir='ltr'>io</span> <span class='ocrx_word' id='word_1_205' title='bbox 794 2487 855 2552; x_wconf 89' lang='lat' dir='ltr'>hac</span> <span class='ocrx_word' id='word_1_206' title='bbox 871 2510 908 2554; x_wconf 88' lang='lat' dir='ltr'>rc</span> <span class='ocrx_word' id='word_1_207' title='bbox 922 2489 1068 2552; x_wconf 83' lang='lat' dir='ltr'>maxime</span> <span class='ocrx_word' id='word_1_208' title='bbox 1091 2486 1221 2570; x_wconf 84' lang='lat' dir='ltr'>valent,</span> <span class='ocrx_word' id='word_1_209' title='bbox 1251 2500 1282 2552; x_wconf 89' lang='lat' dir='ltr'>et</span> 
     </span>
     <span class='ocr_line' id='line_1_25' title="bbox 235 2568 1282 2660; baseline 0.01 -31"><span class='ocrx_word' id='word_1_210' title='bbox 235 2568 354 2653; x_wconf 87' lang='lat' dir='ltr'>quibus</span> <span class='ocrx_word' id='word_1_211' title='bbox 371 2571 473 2660; x_wconf 87' lang='lat' dir='ltr'>ipsius</span> <span class='ocrx_word' id='word_1_212' title='bbox 492 2575 540 2637; x_wconf 87' lang='lat' dir='ltr'>rei</span> <span class='ocrx_word' id='word_1_213' title='bbox 560 2574 675 2637; x_wconf 87' lang='lat' dir='ltr'>veritas</span> <span class='ocrx_word' id='word_1_214' title='bbox 700 2575 926 2660; x_wconf 85' lang='lat' dir='ltr'>restringitur,</span> <span class='ocrx_word' id='word_1_215' title='bbox 959 2583 1014 2638; x_wconf 91' lang='lat' dir='ltr'>aut</span> <span class='ocrx_word' id='word_1_216' title='bbox 1039 2573 1182 2658; x_wconf 87' lang='lat' dir='ltr'>denique</span> <span class='ocrx_word' id='word_1_217' title='bbox 1205 2597 1282 2638; x_wconf 90' lang='lat' dir='ltr'>cum</span> 
     </span>
     <span class='ocr_line' id='line_1_26' title="bbox 234 2654 1283 2746; baseline 0.004 -26"><span class='ocrx_word' id='word_1_218' title='bbox 234 2654 494 2742; x_wconf 81' lang='lat' dir='ltr'>interrogatione</span> <span class='ocrx_word' id='word_1_219' title='bbox 510 2660 685 2724; x_wconf 87' lang='lat' dir='ltr'>coniuncta</span> <span class='ocrx_word' id='word_1_220' title='bbox 701 2670 750 2722; x_wconf 90' lang='lat' dir='ltr'>est</span> <span class='ocrx_word' id='word_1_221' title='bbox 765 2659 966 2746; x_wconf 88' lang='lat' dir='ltr'>indignatio‚&#39;</span> <span class='ocrx_word' id='word_1_222' title='bbox 986 2658 1179 2733; x_wconf 85' lang='lat' dir='ltr'>admiratio,</span> <span class='ocrx_word' id='word_1_223' title='bbox 1200 2662 1283 2724; x_wconf 88' lang='lat' dir='ltr'>acri-</span> 
     </span>
     <span class='ocr_line' id='line_1_27' title="bbox 236 2742 1282 2830; baseline 0.006 -28"><span class='ocrx_word' id='word_1_224' title='bbox 236 2742 363 2806; x_wconf 89' lang='lat' dir='ltr'>monia.</span> <span class='ocrx_word' id='word_1_225' title='bbox 410 2743 504 2824; x_wconf 86' lang='lat' dir='ltr'>Quae</span> <span class='ocrx_word' id='word_1_226' title='bbox 525 2747 571 2812; x_wconf 89' lang='lat' dir='ltr'>ita</span> <span class='ocrx_word' id='word_1_227' title='bbox 595 2744 782 2826; x_wconf 85' lang='lat' dir='ltr'>confluunt,</span> <span class='ocrx_word' id='word_1_228' title='bbox 808 2755 845 2808; x_wconf 83' lang='lat' dir='ltr'>ut</span> <span class='ocrx_word' id='word_1_229' title='bbox 868 2745 1020 2830; x_wconf 79' lang='lat' dir='ltr'>exempla</span> <span class='ocrx_word' id='word_1_230' title='bbox 1041 2765 1113 2808; x_wconf 89' lang='lat' dir='ltr'>non</span> <span class='ocrx_word' id='word_1_231' title='bbox 1138 2748 1282 2830; x_wconf 90' lang='lat' dir='ltr'>apertius</span> 
     </span>
     <span class='ocr_line' id='line_1_28' title="bbox 236 2823 1284 2920; baseline 0.008 -34"><span class='ocrx_word' id='word_1_232' title='bbox 236 2823 393 2914; x_wconf 86' lang='lat' dir='ltr'>distingui</span> <span class='ocrx_word' id='word_1_233' title='bbox 418 2831 559 2916; x_wconf 88' lang='lat' dir='ltr'>possint.</span> <span class='ocrx_word' id='word_1_234' title='bbox 612 2831 677 2898; x_wconf 81' lang='lat' dir='ltr'>Sed</span> <span class='ocrx_word' id='word_1_235' title='bbox 708 2832 741 2896; x_wconf 90' lang='lat' dir='ltr'>in</span> <span class='ocrx_word' id='word_1_236' title='bbox 771 2835 841 2920; x_wconf 89' lang='lat' dir='ltr'>ipsa</span> <span class='ocrx_word' id='word_1_237' title='bbox 865 2829 1078 2918; x_wconf 85' lang='lat' dir='ltr'>oppositione</span> <span class='ocrx_word' id='word_1_238' title='bbox 1110 2828 1186 2894; x_wconf 89' lang='lat' dir='ltr'>data</span> <span class='ocrx_word' id='word_1_239' title='bbox 1214 2842 1284 2896; x_wconf 86' lang='lat' dir='ltr'>crat</span> 
     </span>
     <span class='ocr_line' id='line_1_29' title="bbox 237 2915 1283 3004; baseline 0.009 -31"><span class='ocrx_word' id='word_1_240' title='bbox 237 2931 348 2976; x_wconf 84' lang='lat' dir='ltr'>caussa</span> <span class='ocrx_word' id='word_1_241' title='bbox 356 2959 366 2989; x_wconf 89' lang='lat'><em>,</em></span> <span class='ocrx_word' id='word_1_242' title='bbox 391 2937 455 2999; x_wconf 88' lang='lat' dir='ltr'>qua</span> <span class='ocrx_word' id='word_1_243' title='bbox 472 2928 510 2982; x_wconf 88' lang='lat' dir='ltr'>ot</span> <span class='ocrx_word' id='word_1_244' title='bbox 525 2940 622 3004; x_wconf 84' lang='lat' dir='ltr'>saepe</span> <span class='ocrx_word' id='word_1_245' title='bbox 647 2940 720 2981; x_wconf 88' lang='lat' dir='ltr'>cum</span> <span class='ocrx_word' id='word_1_246' title='bbox 739 2942 786 2982; x_wconf 85' lang='lat' dir='ltr'>an</span> <span class='ocrx_word' id='word_1_247' title='bbox 802 2926 1072 2982; x_wconf 86' lang='lat' dir='ltr'>commutaretur.</span> <span class='ocrx_word' id='word_1_248' title='bbox 1110 2915 1177 2980; x_wconf 80' lang='lat' dir='ltr'>rid.</span> <span class='ocrx_word' id='word_1_249' title='bbox 1202 2918 1283 2982; x_wconf 89' lang='lat' dir='ltr'>Ser-</span> 
     </span>
     <span class='ocr_line' id='line_1_30' title="bbox 157 2995 1283 3088; baseline 0.009 -31"><span class='ocrx_word' id='word_1_250' title='bbox 157 3049 165 3057; x_wconf 90' lang='lat'>.</span> <span class='ocrx_word' id='word_1_251' title='bbox 235 2995 326 3062; x_wconf 86' lang='lat' dir='ltr'>vium</span> <span class='ocrx_word' id='word_1_252' title='bbox 364 2999 403 3064; x_wconf 90' lang='lat' dir='ltr'>ad</span> <span class='ocrx_word' id='word_1_253' title='bbox 442 3003 535 3088; x_wconf 89' lang='lat' dir='ltr'>Virg.</span> <span class='ocrx_word' id='word_1_254' title='bbox 577 3006 658 3068; x_wconf 88' lang='lat' dir='ltr'>Aen.</span> <span class='ocrx_word' id='word_1_255' title='bbox 695 3008 734 3080; x_wconf 85' lang='lat'>9,</span> <span class='ocrx_word' id='word_1_256' title='bbox 768 3003 839 3068; x_wconf 77' lang='lat'>144.</span> <span class='ocrx_word' id='word_1_257' title='bbox 892 3001 959 3067; x_wconf 91' lang='lat' dir='ltr'>Ubi</span> <span class='ocrx_word' id='word_1_258' title='bbox 993 3023 1071 3064; x_wconf 86' lang='lat' dir='ltr'>vero</span> <span class='ocrx_word' id='word_1_259' title='bbox 1107 3002 1283 3067; x_wconf 89' lang='lat' dir='ltr'>admiratio</span> 
     </span>
    </p>
   </div>
   <div class='ocr_carea' id='block_1_9' title="bbox 234 3082 1348 3184">
    <p class='ocr_par' dir='ltr' id='par_1_10' title="bbox 234 3082 1348 3184">
     <span class='ocr_line' id='line_1_31' title="bbox 234 3082 1348 3184; baseline 0.007 -38"><span class='ocrx_word' id='word_1_260' title='bbox 234 3082 342 3148; x_wconf 90' lang='lat' dir='ltr'>induit</span> <span class='ocrx_word' id='word_1_261' title='bbox 384 3084 530 3152; x_wconf 85' lang='lat' dir='ltr'>formam</span> <span class='ocrx_word' id='word_1_262' title='bbox 570 3089 854 3172; x_wconf 78' lang='lat' dir='ltr'>interrogationis,</span> <span class='ocrx_word' id='word_1_263' title='bbox 901 3087 1040 3174; x_wconf 86' lang='lat' dir='ltr'>proprie</span> <span class='ocrx_word' id='word_1_264' title='bbox 1059 3089 1209 3184; x_wconf 79' lang='lat' dir='ltr'>ponitur</span> <span class='ocrx_word' id='word_1_265' title='bbox 1245 3100 1284 3154; x_wconf 86' lang='lat' dir='ltr'>at</span> <span class='ocrx_word' id='word_1_266' title='bbox 1347 3121 1348 3127; x_wconf 44' lang='lat'>¹</span> 
     </span>
    </p>
   </div>
   <div class='ocr_carea' id='block_1_10' title="bbox 84 3172 1179 3258">
    <p class='ocr_par' dir='ltr' id='par_1_11' title="bbox 84 3172 1179 3258">
     <span class='ocr_line' id='line_1_32' title="bbox 84 3172 1179 3258; baseline 0.004 -27"><span class='ocrx_word' id='word_1_267' title='bbox 84 3181 89 3190; x_wconf 89' lang='grc'><em>’</em></span> <span class='ocrx_word' id='word_1_268' title='bbox 233 3189 353 3257; x_wconf 83' lang='lat' dir='ltr'>quum,</span> <span class='ocrx_word' id='word_1_269' title='bbox 378 3173 496 3258; x_wconf 89' lang='lat' dir='ltr'>quibus</span> <span class='ocrx_word' id='word_1_270' title='bbox 513 3174 641 3240; x_wconf 86' lang='lat' dir='ltr'>additui·</span> <span class='ocrx_word' id='word_1_271' title='bbox 656 3173 754 3257; x_wconf 82' lang='lat' dir='ltr'>vulgo</span> <span class='ocrx_word' id='word_1_272' title='bbox 773 3175 905 3258; x_wconf 86' lang='lat' dir='ltr'>signum</span> <span class='ocrx_word' id='word_1_273' title='bbox 924 3172 1179 3236; x_wconf 82' lang='lat' dir='ltr'>exclamationis.</span> 
     </span>
    </p>
   </div>
   <div class='ocr_carea' id='block_1_11' title="bbox 336 3289 1283 3361">
    <p class='ocr_par' dir='ltr' id='par_1_12' title="bbox 336 3289 1283 3361">
     <span class='ocr_line' id='line_1_33' title="bbox 336 3289 1283 3361; baseline 0.005 -20"><span class='ocrx_word' id='word_1_274' title='bbox 336 3289 393 3342; x_wconf 80' lang='lat' dir='ltr'>cic.</span> <span class='ocrx_word' id='word_1_275' title='bbox 419 3291 451 3342; x_wconf 86' lang='lat' dir='ltr'>de</span> <span class='ocrx_word' id='word_1_276' title='bbox 477 3293 535 3344; x_wconf 88' lang='lat' dir='ltr'>Fin.</span> <span class='ocrx_word' id='word_1_277' title='bbox 562 3293 594 3357; x_wconf 88' lang='lat'>1,</span> <span class='ocrx_word' id='word_1_278' title='bbox 621 3293 654 3358; x_wconf 83' lang='grc'>8,</span> <span class='ocrx_word' id='word_1_279' title='bbox 682 3293 725 3346; x_wconf 72' lang='grc'>98.</span> <span class='ocrx_word' id='word_1_280' title='bbox 751 3293 800 3347; x_wconf 81' lang='lat' dir='ltr'>sed</span> <span class='ocrx_word' id='word_1_281' title='bbox 819 3292 858 3345; x_wconf 86' lang='lat' dir='ltr'>ad</span> <span class='ocrx_word' id='word_1_282' title='bbox 879 3291 961 3361; x_wconf 78' lang='lat' dir='ltr'>hacc,</span> <span class='ocrx_word' id='word_1_283' title='bbox 986 3297 1041 3348; x_wconf 83' lang='lat' dir='ltr'>nisi</span> <span class='ocrx_word' id='word_1_284' title='bbox 1058 3291 1206 3346; x_wconf 82' lang='lat' dir='ltr'>molestam</span> <span class='ocrx_word' id='word_1_285' title='bbox 1230 3303 1283 3358; x_wconf 80' lang='lat' dir='ltr'>est,</span> 
     </span>
    </p>
   </div>
   <div class='ocr_carea' id='block_1_12' title="bbox 267 3370 1346 3452">
    <p class='ocr_par' dir='ltr' id='par_1_13' title="bbox 267 3370 1346 3452">
     <span class='ocr_line' id='line_1_34' title="bbox 267 3370 1346 3452; baseline 0.006 -27"><span class='ocrx_word' id='word_1_286' title='bbox 267 3383 270 3388; x_wconf 89' lang='lat'>&#39;</span> <span class='ocrx_word' id='word_1_287' title='bbox 302 3370 410 3440; x_wconf 78' lang='lat' dir='ltr'>liabeo,</span> <span class='ocrx_word' id='word_1_288' title='bbox 431 3395 502 3447; x_wconf 80' lang='lat' dir='ltr'>quae</span> <span class='ocrx_word' id='word_1_289' title='bbox 518 3377 612 3432; x_wconf 83' lang='lat' dir='ltr'>velim.</span> <span class='ocrx_word' id='word_1_290' title='bbox 648 3382 689 3436; x_wconf 80' lang='lat' dir='ltr'>Ac</span> <span class='ocrx_word' id='word_1_291' title='bbox 707 3400 767 3443; x_wconf 83' lang='lat' dir='ltr'>me,</span> <span class='ocrx_word' id='word_1_292' title='bbox 785 3384 912 3452; x_wconf 73' lang='lat' dir='ltr'>inquam,</span> <span class='ocrx_word' id='word_1_293' title='bbox 939 3379 994 3434; x_wconf 83' lang='lat' dir='ltr'>nisi</span> <span class='ocrx_word' id='word_1_294' title='bbox 1011 3387 1038 3431; x_wconf 81' lang='lat' dir='ltr'>te</span> <span class='ocrx_word' id='word_1_295' title='bbox 1054 3377 1152 3432; x_wconf 81' lang='lat' dir='ltr'>audire</span> <span class='ocrx_word' id='word_1_296' title='bbox 1168 3376 1285 3444; x_wconf 75' lang='lat' dir='ltr'>veliem,</span> <span class='ocrx_word' id='word_1_297' title='bbox 1345 3387 1346 3396; x_wconf 60' lang='lat'>¹</span> 
     </span>
    </p>
   </div>
   <div class='ocr_carea' id='block_1_13' title="bbox 302 3459 767 3536">
    <p class='ocr_par' dir='ltr' id='par_1_14' title="bbox 302 3459 767 3536">
     <span class='ocr_line' id='line_1_35' title="bbox 302 3459 767 3536; baseline 0.006 -21"><span class='ocrx_word' id='word_1_298' title='bbox 302 3478 395 3516; x_wconf 79' lang='lat' dir='ltr'>tenses</span> <span class='ocrx_word' id='word_1_299' title='bbox 413 3459 479 3516; x_wconf 82' lang='lat' dir='ltr'>laec</span> <span class='ocrx_word' id='word_1_300' title='bbox 495 3464 632 3536; x_wconf 67' lang='lat' dir='ltr'>dicturam</span> <span class='ocrx_word' id='word_1_301' title='bbox 646 3462 767 3536; x_wconf 73' lang='lat' dir='ltr'>juisse?</span> 
     </span>
    </p>
   </div>
   <div class='ocr_carea' id='block_1_14' title="bbox 346 3563 1287 3640">
    <p class='ocr_par' dir='ltr' id='par_1_15' title="bbox 346 3563 1287 3640">
     <span class='ocr_line' id='line_1_36' title="bbox 346 3563 1287 3640; baseline 0.004 -24"><span class='ocrx_word' id='word_1_302' title='bbox 346 3563 439 3636; x_wconf 89' lang='lat' dir='ltr'>Philip.</span> <span class='ocrx_word' id='word_1_303' title='bbox 460 3565 490 3630; x_wconf 92' lang='lat'>1,</span> <span class='ocrx_word' id='word_1_304' title='bbox 512 3567 755 3638; x_wconf 82' lang='lat' dir='ltr'>8,19.ca1ege,</span> <span class='ocrx_word' id='word_1_305' title='bbox 777 3587 847 3640; x_wconf 80' lang='lat' dir='ltr'>quaa</span> <span class='ocrx_word' id='word_1_306' title='bbox 867 3565 1047 3638; x_wconf 81' lang='lat' dir='ltr'>promulgata</span> <span class='ocrx_word' id='word_1_307' title='bbox 1069 3576 1112 3619; x_wconf 87' lang='lat' dir='ltr'>est</span> <span class='ocrx_word' id='word_1_308' title='bbox 1136 3565 1170 3618; x_wconf 83' lang='lat' dir='ltr'>de</span> <span class='ocrx_word' id='word_1_309' title='bbox 1194 3570 1287 3621; x_wconf 83' lang='lat' dir='ltr'>tertia</span> 
     </span>
    </p>
   </div>
   <div class='ocr_carea' id='block_1_15' title="bbox 242 3646 1344 3724">
    <p class='ocr_par' dir='ltr' id='par_1_16' title="bbox 242 3646 1344 3724">
     <span class='ocr_line' id='line_1_37' title="bbox 242 3646 1344 3724; baseline 0.006 -25"><span class='ocrx_word' id='word_1_310' title='bbox 242 3649 247 3666; x_wconf 73' lang='grc'><em>“</em></span> <span class='ocrx_word' id='word_1_311' title='bbox 304 3646 414 3705; x_wconf 73' lang='lat' dir='ltr'>decuria</span> <span class='ocrx_word' id='word_1_312' title='bbox 434 3651 562 3716; x_wconf 84' lang='lat' dir='ltr'>iudicum,</span> <span class='ocrx_word' id='word_1_313' title='bbox 583 3669 674 3704; x_wconf 82' lang='lat' dir='ltr'>nonna</span> <span class='ocrx_word' id='word_1_314' title='bbox 691 3670 784 3706; x_wconf 83' lang='lat' dir='ltr'>onrnes</span> <span class='ocrx_word' id='word_1_315' title='bbox 804 3651 1060 3724; x_wconf 79' lang='lat' dir='ltr'>iudiciariae-lagos</span> <span class='ocrx_word' id='word_1_316' title='bbox 1083 3653 1207 3706; x_wconf 83' lang='lat' dir='ltr'>Caesaris</span> <span class='ocrx_word' id='word_1_317' title='bbox 1228 3653 1286 3708; x_wconf 82' lang='lat' dir='ltr'>dis·</span> <span class='ocrx_word' id='word_1_318' title='bbox 1342 3675 1344 3724; x_wconf 46' lang='grc' dir='ltr'><strong>χ</strong></span> 
     </span>
    </p>
   </div>
   <div class='ocr_carea' id='block_1_16' title="bbox 300 3732 1285 3895">
    <p class='ocr_par' dir='ltr' id='par_1_17' title="bbox 300 3732 1285 3895">
     <span class='ocr_line' id='line_1_38' title="bbox 301 3732 1285 3806; baseline 0.005 -20"><span class='ocrx_word' id='word_1_319' title='bbox 301 3732 472 3790; x_wconf 79' lang='lat' dir='ltr'>solvuntur?</span> <span class='ocrx_word' id='word_1_320' title='bbox 489 3765 523 3779; x_wconf 91' lang='lat'>-··</span> <span class='ocrx_word' id='word_1_321' title='bbox 546 3741 586 3794; x_wconf 84' lang='lat' dir='ltr'>At</span> <span class='ocrx_word' id='word_1_322' title='bbox 612 3755 682 3806; x_wconf 81' lang='lat' dir='ltr'>quae</span> <span class='ocrx_word' id='word_1_323' title='bbox 707 3750 747 3791; x_wconf 86' lang='lat' dir='ltr'>est</span> <span class='ocrx_word' id='word_1_324' title='bbox 777 3741 831 3792; x_wconf 89' lang='lat' dir='ltr'>ista</span> <span class='ocrx_word' id='word_1_325' title='bbox 858 3743 939 3793; x_wconf 82' lang='lat' dir='ltr'>tertia</span> <span class='ocrx_word' id='word_1_326' title='bbox 974 3737 1126 3792; x_wconf 58' lang='lat' dir='ltr'>cantaria?</span> <span class='ocrx_word' id='word_1_327' title='bbox 1146 3743 1285 3793; x_wconf 83' lang='lat' dir='ltr'>centurio·</span> 
     </span>
     <span class='ocr_line' id='line_1_39' title="bbox 300 3822 1284 3895; baseline 0.009 -25"><span class='ocrx_word' id='word_1_328' title='bbox 300 3836 381 3882; x_wconf 77' lang='lat' dir='ltr'>num,</span> <span class='ocrx_word' id='word_1_329' title='bbox 401 3825 499 3895; x_wconf 75' lang='lat' dir='ltr'>inquit.</span> <span class='ocrx_word' id='word_1_330' title='bbox 534 3824 567 3892; x_wconf 70' lang='lat' dir='ltr'>da</span> <span class='ocrx_word' id='word_1_331' title='bbox 587 3825 649 3874; x_wconf 86' lang='lat' dir='ltr'>Nat.</span> <span class='ocrx_word' id='word_1_332' title='bbox 667 3823 692 3874; x_wconf 90' lang='lat' dir='ltr'>d.</span> <span class='ocrx_word' id='word_1_333' title='bbox 711 3823 743 3891; x_wconf 88' lang='lat'>1,</span> <span class='ocrx_word' id='word_1_334' title='bbox 761 3822 812 3890; x_wconf 75' lang='lat'>¹11,</span> <span class='ocrx_word' id='word_1_335' title='bbox 835 3825 893 3878; x_wconf 84' lang='lat'>115.</span> <span class='ocrx_word' id='word_1_336' title='bbox 914 3836 944 3878; x_wconf 83' lang='lat' dir='ltr'>at</span> <span class='ocrx_word' id='word_1_337' title='bbox 964 3829 1048 3878; x_wconf 81' lang='lat' dir='ltr'>ctiam</span> <span class='ocrx_word' id='word_1_338' title='bbox 1066 3823 1101 3877; x_wconf 70' lang='lat' dir='ltr'>tie</span> <span class='ocrx_word' id='word_1_339' title='bbox 1119 3828 1284 3886; x_wconf 79' lang='lat' dir='ltr'>sanctitate,</span> 
     </span>
    </p>
   </div>
   <div class='ocr_carea' id='block_1_17' title="bbox 192 3900 1285 4065">
    <p class='ocr_par' dir='ltr' id='par_1_18' title="bbox 192 3900 1285 4065">
     <span class='ocr_line' id='line_1_40' title="bbox 302 3900 1285 3984; baseline 0.011 -31"><span class='ocrx_word' id='word_1_340' title='bbox 302 3900 337 3955; x_wconf 80' lang='lat' dir='ltr'>ria</span> <span class='ocrx_word' id='word_1_341' title='bbox 353 3907 461 3972; x_wconf 80' lang='lat' dir='ltr'>pietate</span> <span class='ocrx_word' id='word_1_342' title='bbox 480 3908 612 3962; x_wconf 78' lang='lat' dir='ltr'>adversus</span> <span class='ocrx_word' id='word_1_343' title='bbox 631 3907 699 3962; x_wconf 78' lang='lat' dir='ltr'>deoc</span> <span class='ocrx_word' id='word_1_344' title='bbox 724 3907 810 3984; x_wconf 78' lang='lat' dir='ltr'>libros</span> <span class='ocrx_word' id='word_1_345' title='bbox 833 3915 945 3982; x_wconf 80' lang='lat' dir='ltr'>scripsit</span> <span class='ocrx_word' id='word_1_346' title='bbox 970 3910 1118 3983; x_wconf 82' lang='lat' dir='ltr'>Epicurus.</span> <span class='ocrx_word' id='word_1_347' title='bbox 1153 3912 1196 3965; x_wconf 81' lang='lat' dir='ltr'>At</span> <span class='ocrx_word' id='word_1_348' title='bbox 1214 3928 1285 3984; x_wconf 83' lang='lat' dir='ltr'>quo·</span> 
     </span>
     <span class='ocr_line' id='line_1_41' title="bbox 192 3987 735 4065; baseline 0.018 -26"><span class='ocrx_word' id='word_1_349' title='bbox 192 3995 198 4005; x_wconf 80' lang='lat'><strong><em>¹</em></strong></span> <span class='ocrx_word' id='word_1_350' title='bbox 302 3987 386 4042; x_wconf 78' lang='lat' dir='ltr'>niodo</span> <span class='ocrx_word' id='word_1_351' title='bbox 406 3993 435 4044; x_wconf 88' lang='lat' dir='ltr'>in</span> <span class='ocrx_word' id='word_1_352' title='bbox 456 3990 499 4046; x_wconf 80' lang='lat' dir='ltr'>liic</span> <span class='ocrx_word' id='word_1_353' title='bbox 517 3991 661 4065; x_wconf 81' lang='lat' dir='ltr'>loquitur?</span> <span class='ocrx_word' id='word_1_354' title='bbox 732 4027 735 4034; x_wconf 90' lang='lat'>·</span> 
     </span>
    </p>
   </div>
   <div class='ocr_carea' id='block_1_18' title="bbox 277 4050 1284 4168">
    <p class='ocr_par' dir='ltr' id='par_1_19' title="bbox 277 4050 1284 4168">
     <span class='ocr_line' id='line_1_42' title="bbox 277 4050 1284 4168; baseline 0.007 -23"><span class='ocrx_word' id='word_1_355' title='bbox 277 4163 279 4168; x_wconf 25' lang='grc' dir='ltr'>Ι</span> <span class='ocrx_word' id='word_1_356' title='bbox 338 4092 436 4166; x_wconf 75' lang='lat' dir='ltr'>Giap.</span> <span class='ocrx_word' id='word_1_357' title='bbox 456 4097 513 4150; x_wconf 89' lang='lat' dir='ltr'>Mil.</span> <span class='ocrx_word' id='word_1_358' title='bbox 539 4095 589 4162; x_wconf 84' lang='lat'>17,</span> <span class='ocrx_word' id='word_1_359' title='bbox 614 4094 657 4150; x_wconf 76' lang='lat'>45.</span> <span class='ocrx_word' id='word_1_360' title='bbox 686 4050 760 4154; x_wconf 77' lang='lat' dir='ltr'>virlil</span> <span class='ocrx_word' id='word_1_361' title='bbox 783 4115 889 4154; x_wconf 79' lang='lat' dir='ltr'>accersa</span> <span class='ocrx_word' id='word_1_362' title='bbox 912 4117 971 4154; x_wconf 80' lang='lat' dir='ltr'>esce</span> <span class='ocrx_word' id='word_1_363' title='bbox 997 4095 1284 4168; x_wconf 80' lang='lat' dir='ltr'>Miloai&#39;proficisri</span> 
     </span>
    </p>
   </div>
   <div class='ocr_carea' id='block_1_19' title="bbox 303 4177 1282 4266">
    <p class='ocr_par' dir='ltr' id='par_1_20' title="bbox 303 4177 1282 4266">
     <span class='ocr_line' id='line_1_43' title="bbox 303 4177 1282 4266; baseline 0 -30"><span class='ocrx_word' id='word_1_364' title='bbox 303 4177 467 4239; x_wconf 55' lang='lat' dir='ltr'>nauatam</span> <span class='ocrx_word' id='word_1_365' title='bbox 484 4181 546 4265; x_wconf 15' lang='lat' dir='ltr'>illo*</span> <span class='ocrx_word' id='word_1_366' title='bbox 558 4187 631 4260; x_wconf 80' lang='lat' dir='ltr'>ipso,</span> <span class='ocrx_word' id='word_1_367' title='bbox 645 4203 699 4260; x_wconf 74' lang='lat' dir='ltr'>pao</span> <span class='ocrx_word' id='word_1_368' title='bbox 711 4181 856 4259; x_wconf 82' lang='lat' dir='ltr'>profectus</span> <span class='ocrx_word' id='word_1_369' title='bbox 873 4196 923 4250; x_wconf 85' lang='lat' dir='ltr'>est,</span> <span class='ocrx_word' id='word_1_370' title='bbox 934 4185 998 4242; x_wconf 76' lang='lat' dir='ltr'>dic.-</span> <span class='ocrx_word' id='word_1_371' title='bbox 1013 4187 1282 4266; x_wconf 54' lang='lat' dir='ltr'>itaqacfnteucrtit.</span> 
     </span>
    </p>
   </div>
   <div class='ocr_carea' id='block_1_20' title="bbox 501 4451 514 4480">
    <p class='ocr_par' dir='ltr' id='par_1_21' title="bbox 501 4451 514 4480">
     <span class='ocr_line' id='line_1_44' title="bbox 501 4451 514 4480; baseline 0 0"><span class='ocrx_word' id='word_1_372' title='bbox 501 4451 514 4480; x_wconf 67' lang='lat' dir='ltr'><em>l</em></span> 
     </span>
    </p>
   </div>
   <div class='ocr_carea' id='block_1_21' title="bbox 0 0 1368 4746">
    <p class='ocr_par' dir='ltr' id='par_1_22' title="bbox 0 0 1368 4746">
     <span class='ocr_line' id='line_1_45' title="bbox 0 0 1368 4746; baseline 0 0"><span class='ocrx_word' id='word_1_373' title='bbox 0 0 1368 4746; x_wconf 95' lang='lat' dir='ltr'> </span> 
     </span>
    </p>
   </div>
  </div>
 </body>
</html>
