2676 4748
224 335 282 462 i·
611 333 672 436 (n,
715 357 788 440 nn,
833 356 922 422 nne.

278 538 388 608 noque
423 511 543 578 formis
586 511 735 576 colorem
767 511 961 600 ‹piaesiverit
994 511 1138 574 orationi
1176 511 1292 606 ndden-
1319 515 1322 556 i

255 543 355 678 iium,
395 623 465 664 non
507 597 603 662 aliam
637 599 801 663 sidionem
833 607 989 682 sequutus
1020 604 1259 693 est‚q1mm
1266 597 1294 656 in

254 686 388 776 reliquis
407 685 560 749 omnibus
575 678 742 749 vocubulis
759 683 924 773 eligendis,
934 693 966 750 et
980 683 1108 746 aurium
1123 674 1294 748 suntilirin
1321 699 1322 766 ᾗ

253 771 507 866 perpendendis
1321 813 1322 844 ,

358 875 489 926 Charisius
511 871 536 924 2
556 891 582 940 p.
576 869 656 924 ..207
677 890 695 922 a
717 881 745 924 et
767 824 809 926 ab
829 852 1040 944 hoodifferuni,
1018 855 1103 922 td
1117 873 1295 947 praeponitur
1321 893 1322 946 r

315 963 443 1024 nomini,
460 957 535 1032 quod
551 977 569 1009 a
585 967 755 1010 consonante
772 961 873 1027 incipit
889 968 941 1012 aut
950 955 1066 1023 vocali,
1086 969 1157 1026 quae
1173 973 1224 1024 pro
1240 973 1294 1006 con·
1321 997 1322 1000 ,

322 1058 440 1104 sonante
462 1046 606 1114 accipitur.
649 1041 700 1099 Ab
721 1041 764 1096 tir
786 1048 985 1114 praeponitur,
1009 1059 1078 1112 puae
1100 1061 1119 1091 a
1142 1041 1268 1095 vocali'
1259 1060 1293 1092 in·
1321 1081 1322 1108 3

255 1125 261 1144 '
323 1138 448 1206 cipiunt.-
474 1131 600 1202 quanrvis
621 1131 705 1181 etiam
721 1146 745 1180 Η
762 1129 926 1198 praecedat,
954 1147 1024 1200 quae
1040 1146 1092 1196 pro
1103 1125 1293 1196 adspiratione
1321 1149 1322 1168 r

322 1222 467 1288 accipitur·
506 1215 638 1284 Superius
659 1233 677 1265 a
698 1232 825 1285 magno
844 1225 872 1264 et
893 1234 910 1264 a
929 1215 1105 1266 maximo:
1129 1231 1241 1284 sequens
1256 1207 1294 1262 ab

323 1297 440 1372 indis,
460 1295 502 1351 ab
521 1317 651 1361 errore,
673 1295 716 1350 ab
736 1297 848 1360 humo,
868 1295 949 1350 etab
971 1295 1078 1370 Hyla,
1099 1308 1127 1350 et
1144 1295 1187 1348 ai
1208 1297 1322 1366 Hya-j

322 1385 469 1452 cantho,
496 1403 567 1454 quae
597 1383 628 1436 Y
652 1381 747 1437 littera
769 1404 905 1454 peraeque
922 1383 1190 1454 apadnoivocalis
1206 1385 1294 1434 existi
1321 1409 1322 1438 5

255 1467 257 1474 ¹
322 1483 420 1526 matur.
440 1466 534 1538 p..209
553 1466 618 1521 abs
636 1480 728 1524 autem
739 1462 810 1540 sere
826 1474 999 1538 praepositio
1016 1469 1068 1521 lroc
1083 1461 1294 1540 modopraefer
1321 1455 1322 1484 3

322 1547 717 1620 tar,atdicamusabsme;
733 1551 1082 1610 absillonoridicitur.
1101 1551 1292 1606 Priscianns14
1321 1543 1322 1552 ¹

320 1667 346 1715 p.
367 1640 426 1694 994·
451 1637 504 1708 (14,
521 1640 545 1692 5.
563 1641 667 1710 Krehl.)
693 1663 711 1694 a
731 1625 818 1696 esai
846 1649 874 1692 et
892 1639 958 1693 abs
982 1652 1010 1693 et
1036 1662 1050 1692 e
1075 1645 1102 1694 et
1125 1637 1293 1692 excandens

315 1729 382 1803 fere
399 1725 617 1797 significationis
631 1731 689 1778 vim
706 1723 817 1777 liabent.
855 1723 930 1776 Nam
951 1735 979 1776 et
994 1723 1098 1776 locales
1115 1737 1142 1777 et
1161 1735 1292 1794 tempora-

320 1815 360 1868 les
377 1821 405 1865 et
418 1807 561 1862 ordinales
576 1806 704 1864 similiter
719 1815 903 1886 inveniuntur.
943 1809 998 1863 Sed
1012 1809 1130 1882 quando
1144 1816 1292 1864 consonans
1321 1801 1322 1804 ¹

253 1904 442 1988 sequitur
472 1915 490 1947 a
515 1903 542 1948 et
569 1916 583 1948 e
610 1900 698 1966 nragis
727 1907 937 1966 praeponuntur
961 1901 989 1950 in
1006 1894 1205 1966 appositione,
1232 1907 1261 1948 ut
1277 1915 1291 1944 a
1321 1901 1322 1908 ’

193 2007 197 2012 ·
254 2041 267 2066 r
255 1968 442 2079 J'elopem
472 2003 486 2034 e
513 1986 601 2036 iure.
634 1980 685 2035 Ab
703 2000 767 2034 vero
788 1993 816 2034 et
833 2001 875 2036 ex
895 1985 1056 2051 saepissime
1072 1985 1101 2034 in
1118 1987 1256 2052 coraposit
1259 1985 1291 2033 io·

320 2091 354 2124 ne
377 2087 433 2121 non
455 2067 546 2120 solum
566 2065 727 2130 vocalibus,
756 2067 805 2119 sed
831 2071 915 2120 etiam
932 2063 1156 2128 consonantibus,
1179 2079 1209 2120 at
1227 2068 1291 2121 abi-

318 2173 380 2228 go,
418 2151 573 2216 abduco,
600 2171 729 2224 exuro,
764 2171 927 2206 excurro.
963 2154 1005 2205 In
1028 2156 1212 2222 appositione
1232 2170 1290 2207 uero

255 2299 258 2306 Ι
318 2237 412 2294 olocai
407 2231 544 2328 quidem
558 2249 687 2312 sequente
704 2243 818 2308 semper,
838 2245 868 2289 ut
888 2236 929 2289 ab
954 2235 984 2289 sl
993 2235 1046 2298 lo,
1066 2255 1106 2289 ex
1124 2236 1218 2290 zllo
1236 2257 1291 2290 con

282 2335 435 2394 sonante
458 2342 542 2410 raro.
575 2323 651 2375 Nam
678 2344 694 2374 a
722 2323 830 2395 quidem
853 2334 881 2374 et
908 2343 922 2374 e
950 2319 1045 2375 vocali
1065 2334 1210 2394 sequente,
1242 2343 1291 2374 non
1321 2339 1322 2350 ¹

264 2420 537 2484 praeponuntur
573 2407 625 2460 Ab
652 2419 745 2480 autem
773 2417 801 2458 et
826 2425 867 2458 ex
892 2403 1106 2458 consonantibus
1121 2407 1291 2476 sequentibus

317 2485 424 2552 solent,
450 2501 481 2542 ut
503 2489 579 2552 dixi,
609 2493 762 2560 praeponi,
790 2491 815 2541 si
838 2489 920 2542 nulla
944 2495 1084 2561 asperitas
1103 2493 1181 2543 uocis
1201 2493 1291 2562 probi·
1316 2532 1322 2546 .

270 2573 760 2658 beat,utVrrgiiusrn11Asn
780 2571 862 2642 [648]
888 2593 929 2628 ex
948 2593 1013 2648 qno
1031 2595 1083 2628 mo
1101 2575 1291 2647 dirrumpa-

256 2639 284 2700 3
313 2665 374 2715 ‘ter
400 2671 512 2734 utque
535 2659 722 2714 bominum
748 2676 821 2713 rex.
855 2658 929 2712 Abs
952 2674 1010 2718 tam
1033 2665 1290 2731 incompositione,

254 2777 259 2793 ι
315 2767 397 2820 quam
414 2750 443 2801 in
457 2747 639 2818 appositione
655 2739 870 2798 consonantibus
882 2745 957 2802 solet
974 2749 1120 2820 praeponi.
1139 2775 1166 2787 -
1183 2749 1290 2798 Diome·
1321 2793 1322 2798 ,

257 2837 260 2904 J
286 2859 291 2868 1
313 2832 361 2884 des
375 2833 404 2895 l,
426 2847 453 2900 p'.
473 2830 533 2884 408.
559 2850 615 2894 ex,
636 2830 679 2884 ab
699 2831 940 2901 praepolitiones',
965 2838 990 2888 si
1012 2841 1126 2905 sequens
1148 2832 1261 2885 verbum
1275 2854 1290 2884 a

255 2949 260 2956 ·
305 2916 411 2971 'vocali
429 2919 563 2988 incipiat,
590 2921 696 2988 integre
714 2916 881 2988 efferuntur,
901 2929 932 2969 ut
951 2919 1171 2990 inoppino,
1194 2919 1236 2972 ab
1255 2920 1291 2973 il-

309 3003 363 3058 lo.
395 3005 427 3058 Si
450 3014 638 3058 consonantes·
657 3011 822 3074 sequantur,
848 3013 997 3058 extremam
1020 3005 1143 3058 litteram
1162 2998 1289 3074 perdunt,

178 3160 181 3168 Ι
313 3101 346 3144 ut
370 3111 384 3142 e
401 3085 507 3158 soro,
535 3109 553 3140 a
572 3085 616 3141 M
623 3101 718 3140 arco.
758 3087 937 3144 Similiter'si
955 3083 1061 3143 uocalis
1082 3100 1214 3163 sequatur
1231 3113 1291 3146 con·

256 3195 259 3201 ·
313 3177 440 3230 sonantis
457 3173 518 3224 loco
534 3176 639 3243 posita,
659 3181 688 3224 ut
706 3169 888 3235 alunone,
907 3194 921 3226 e
940 3178 1094 3237 uirtute,
1121 3179 1292 3232 eui-no.-

311 3265 423 3312 Soahrus
445 3259 478 3307 de
501 3259 626 3324 Orthogr.
645 3273 671 3326 pr
686 3251 762 3311 2263.
795 3257 967 3334 Quibusdam
985 3259 1211 3330 diligentioribus
1227 3263 1292 3318 leui·
1321 3271 1322 3340 ,

312 3349 381 3398 totis
405 3351 502 3394 caussa
516 3339 688 3396 soletdemi
709 3361 741 3404 s,
771 3347 948 3414 propositum
964 3343 1109 3398 vocalibus
1127 3357 1154 3400 et
1173 3353 1291 3402 nomini·
1321 3341 1322 3344 ¹

314 3429 365 3500 bus
388 3426 527 3488 locorum,
557 3423 700 3500 inquibus
723 3431 863 3498 principes
882 3441 944 3482 sunt
966 3415 1087 3484 litterae*
1100 3435 1289 3494 semivocales,

315 3516 365 3569 aul
387 3523 479 3567 mutae
502 3531 562 3566 eam
579 3512 745 3588 repudiant,
771 3533 788 3564 a
812 3514 936 3577 Baiis,
956 3535 973 3567 a
997 3515 1136 3586 Capua,
1165 3539 1183 3570 a
1208 3519 1291 3572 Der·

315 3605 433 3652 ton'as
453 3597 556 3652 Gontrd
571 3609 627 3657 non
643 3597 760 3650 demitur
776 3615 810 3660 e,
841 3619 922 3672 quum
938 3604 966 3655 in
979 3599 1129 3664 uocabulis,
1152 3615 1184 3656 ut
1203 3611 1292 3660 nonn'·
1321 3617 1322 3622 ’

258 3675 272 3684 ’3
312 3683 410 3746 nibus,¹
439 3687 617 3754 estprimum
637 3700 674 3744 Α,-
705 3704 739 3744 a,
770 3701 801 3745 o,
835 3678 1291 3747 utabAriciu,abElia.

260 3799 264 3813 ·
314 3771 367 3838 Sin
385 3787 405 3820 r
422 3777 472 3822 aut
488 3787 520 3830 1,
539 3768 677 3839 duplicem
692 3762 793 3821 liabent
809 3773 954 3824 rationem.
984 3772 1015 3824 Si
1028 3775 1100 3824 enim
1118 3780 1183 3825 sunt
1199 3776 1290 3837 solae,

262 3842 268 3868 ¹
312 3855 442 3908 dicuntur
467 3864 499 3906 ut
514 3852 637 3926 reliquae
656 3853 782 3914 uocales,
811 3853 852 3905 ab
871 3850 1013 3908 Arabia
1029 3855 1111 3909 dico:¹
1131 3862 1176 3911 sin
1192 3867 1291 3929 proni·
1321 3867 1322 3870 ’

252 3997 257 4010 Ι
283 4004 286 4010 Ι
311 3947 373 4007 mai
394 3939 505 3992 litteras
527 3939 640 3992 corales
657 3957 747 3992 secum
769 3938 871 3992 babent
889 3945 1061 4004 coniunctas,
1097 3944 1218 4013 proinde
1243 3947 1290 3998 ob-

312 4025 478 4078 servandum
493 4036 551 4090 est,
570 4029 679 4078 ausint
695 4027 891 4088 semivocales,
911 4047 948 4080 an
965 4039 1073 4090 mutae,
1096 4040 1127 4080 ut
1140 4049 1159 4083 a
1178 4031 1204 4083 V
1209 4051 1224 4082 e
1234 4051 1290 4084 nu-

298 4115 377 4172 sia,
398 4131 416 4162 a
437 4109 623 4166 Ianiculo.
658 4111 731 4162 Adde
751 4113 883 4182 Cassiodo·
889 4129 931 4162 um
953 4133 981 4182 pc
972 4113 1067 4166 2293.

344 4196 427 4248 Ubi
418 4215 447 4248 111
466 4196 540 4248 libris
564 4215 582 4248 a
598 4204 664 4247 ante
686 4198 802 4249 vocalem
816 4197 930 4267 positum
944 4199 1170 4268 deprehendetur,
1189 4217 1287 4252 corre-

833 4394 839 4404 *
910 4391 916 4416 l

772 4428 779 4451 Ι
