2662 4744
242 357 307 424 642
711 349 815 418 AVT.

308 519 391 564 retur.
425 507 480 561 cic.
497 506 531 559 de
549 507 622 562 oret.
640 505 673 571 1,
688 505 722 573 2,
740 505 766 560 5.
780 506 874 578 pueris
891 516 942 560 aut
958 501 1198 562 adolescentulis
1218 503 1308 561 nobis.

309 598 329 652 i.
348 613 373 648 e.
391 593 459 648 oder
472 589 614 647 oielmehr.
649 591 704 644 Cic.
724 595 797 644 Orat.
815 593 850 656 Ξ,
869 589 894 642 5.
912 589 1013 664 reliqui
1026 617 1065 632 -
1086 593 1214 662 experti
1237 603 1308 658 sunt,

309 679 377 752 qaid
395 673 520 752 efficere,
538 685 590 730 aut
608 693 663 746 qno
683 675 817 748 progredi
834 687 958 748 possent.
993 675 1025 733 In
1042 677 1165 729 Sallust.
1185 679 1250 746 Ing.
1270 677 1307 744 aa

310 765 337 822 8.
355 763 518 818 restituenda
535 772 576 814 est
591 761 698 831 antiqua
714 763 852 832 scripture.
871 761 972 829 Vulgo:
982 755 1081 831 suere,
1101 763 1245 834 qeiauro
1254 780 1307 814 eor·

309 855 388 921 rupti
402 845 568 919 elephantos
588 843 736 917 Iugurthae
754 846 910 912 traderent,
933 844 986 900 alii
1001 841 1156 918 perfugas
1174 845 1306 901 vadere.

310 939 409 988 Omnes
425 933 504 987 codd.
520 930 687 995 uenderent,
704 931 774 1000 qnod
791 948 870 1000 quum
886 945 942 982 non
960 931 1121 984 conveniret
1141 949 1211 984 cnm
1227 942 1304 983 ante·

231 1003 239 1026 ’
309 1021 419 1076 cedente
437 1015 500 1082 alii,
516 1027 650 1070 mutarunt
667 1015 714 1081 its,
731 1025 761 1067 nt
776 1015 905 1085 perraria,
928 1015 977 1066 sed
993 1016 1169 1069 inconcinna
1190 1017 1305 1070 asisa-

308 1115 354 1160 ret
370 1103 466 1158 oratio.
499 1105 534 1154 At
557 1104 668 1155 confuse
689 1109 749 1152 sunt
766 1099 920 1170 compendia
937 1099 976 1155 αι’
992 1111 1022 1154 et
1038 1105 1090 1170 ῐιι,
1105 1111 1201 1171 etque
1217 1099 1303 1154 omri·

312 1189 426 1261 gendum
447 1195 488 1238 eet
503 1196 555 1238 ant
570 1204 600 1256 p.
618 1183 777 1240 venderent.

343 1291 398 1344 Cic.
426 1287 460 1341 de
479 1288 538 1340 Fin.
556 1285 592 1352 5,
614 1286 664 1355 18,
686 1286 730 1339 18.
754 1287 783 1338 in
807 1286 884 1338 codd.
910 1286 1022 1356 legitur:
1047 1285 1244 1354 videmusne,
1274 1295 1303 1339 ιιι

306 1377 388 1451 pueri
414 1393 450 1429 ue
472 1369 630 1427 uerberibus
658 1369 769 1442 quidem
787 1391 806 1424 a
824 1373 1046 1444 contemplandis
1068 1373 1162 1430 rebus
1188 1376 1302 1446 perqui-

305 1461 453 1532 rendisque
470 1457 673 1522 deterreantur,
697 1467 749 1510 aut
766 1455 842 1526 pulsi
858 1461 1016 1529 requirant,
1040 1471 1069 1513 et
1086 1457 1211 1532 aliquid
1229 1461 1300 1512 seire

306 1563 338 1603 se
353 1543 520 1619 gaudeant?
545 1541 657 1594 Orellius
674 1543 704 1594 in
722 1541 839 1595 editione
856 1543 962 1596 Marulli
985 1563 1014 1597 se
1031 1543 1173 1596 invenisse
1195 1551 1298 1604 namt,

203 1669 216 1682 .
307 1643 341 1688 ιιι
357 1629 436 1704 pulsi
451 1639 599 1690 recurrant,
614 1628 735 1696 ridetque
753 1643 807 1694 ens,
821 1628 867 1696 qui
883 1629 961 1681 aliter
977 1629 1104 1681 sentiant.
1121 1628 1259 1698 Equidem
1273 1627 1298 1677 ei

246 1719 252 1734 ³
304 1735 360 1772 non
378 1714 484 1768 invideo
498 1715 550 1765 hoc
568 1709 702 1782 tenerae:
717 1731 778 1766 nem
793 1713 885 1766 Cicero
902 1714 969 1765 dicit
985 1714 1065 1766 haec:
1082 1715 1166 1783 pueri
1181 1730 1216 1764 ne
1232 1727 1295 1763 rer-

302 1802 409 1856 beribus
431 1797 535 1868 quidem
561 1797 745 1862 deterrentur,
771 1807 816 1848 ant
839 1799 862 1850 si
884 1799 952 1868 pulsi
979 1808 1058 1864 sunt,
1083 1809 1179 1850 nmen
1198 1797 1293 1865 requi-

303 1897 382 1948 runt,
397 1885 416 1936 i.
434 1902 458 1936 e.
477 1883 572 1934 iterum
590 1881 718 1946 redeunt,
736 1892 763 1935 et
784 1883 812 1934 in
828 1883 878 1935 hac
890 1883 1033 1936 tenacitate
1050 1881 1171 1950 gaudent
1189 1879 1291 1950 aliquid

305 1991 333 2026 se
352 1971 430 2024 scire.
463 1968 512 2019 llle
527 1969 608 2021 rerba
628 1979 660 2020 ut
675 1978 814 2022 recurrant
830 1995 865 2019 -η
886 1979 917 2022 ιιι
935 1968 1126 2020 substituemus
1145 1978 1289 2020 correcto-

303 2076 356 2112 res.
372 2055 431 2110 Lis.
448 2053 482 2118 8,
496 2051 547 2116 88,
566 2051 608 2105 11.
622 2047 759 2123 fremitus
775 2051 903 2122 aequalis
928 2063 1059 2123 tenorque
1075 2051 1154 2107 idem
1176 2069 1290 2124 pugnae

303 2145 333 2202 in
356 2133 595 2208 defatigationem
621 2136 749 2190 ultimam
774 2147 825 2190 aut
848 2147 956 2192 noctem
975 2134 1132 2205 spectabat.
1169 2137 1287 2190 Benedi-

302 2239 359 2282 ctus
376 2223 444 2276 nihil
460 2224 575 2294 proiecit
597 2221 759 2275 emendando
776 2233 804 2278 et
821 2233 946 2276 noctems
970 2239 1030 2274 nam
1049 2233 1099 2276 aut
1115 2231 1196 2275 recte
1211 2223 1288 2274 dice-

301 2323 389 2367 retur:
408 2310 474 2362 ahos
492 2310 519 2360 in
538 2309 774 2377 defatigationem,
793 2308 859 2360 elios
882 2307 911 2358 in
935 2318 1042 2360 noctem
1065 2317 1212 2377 spectasse·
1254 2313 1288 2358 At

301 2413 424 2468 quorsum
441 2395 556 2462 aequalis
573 2404 650 2445 tenor
667 2410 771 2462 pugnae
790 2393 948 2462 spectaverit
959 2393 988 2448 in
1002 2393 1225 2460 defatigationem
1239 2392 1284 2442 ul-

299 2478 412 2533 timam?
437 2479 550 2529 Gravior
570 2477 675 2530 subesse
699 2477 803 2530 videtur
827 2471 984 2547 corruptele.
1019 2477 1105 2531 Tacit.
1122 2481 1176 2533 An.
1197 2478 1234 2540 1,
1260 2475 1285 2528 8.

306 2563 472 2635 legionariis
489 2572 538 2614 aut
552 2559 709 2615 cohortibus
727 2564 827 2616 civium
842 2579 1019 2617 romanorum
1039 2580 1141 2616 cccco
1157 2579 1288 2616 nummos

301 2647 406 2704 uiritim
420 2645 508 2701 dedit.
519 2645 660 2698 sinedubio
670 2645 857 2698 emendandum
873 2655 914 2698 est
927 2667 961 2700 ac
974 2645 1142 2714 cohortibus,
1160 2665 1286 2718 necpos-

300 2745 361 2786 sunt
381 2732 506 2802 probari,
527 2743 600 2802 'quae
616 2731 785 2800 Anquetilus,
801 2741 830 2783 ut
845 2743 895 2785 aut
911 2749 961 2801 pro
980 2744 1007 2786 et
1024 2733 1124 2786 dictum
1149 2749 1211 2786 esse
1232 2733 1283 2786 de·

299 2827 473 2883 monstraret,
499 2817 528 2868 in
553 2817 636 2870 libro:
661 2815 791 2874 Extraits
809 2815 843 2871 de
868 2817 967 2890 Tacite
992 2819 1069 2872 adh.
1087 2819 1109 2872 1.
1129 2820 1282 2872 annotavit.
1328 2815 1329 2840 ³

342 2923 414 2974 Inter
437 2918 635 2974 iurisconsultus
655 2940 733 2990 quum
760 2921 792 2974 de
817 2939 893 2974 sensu
916 2921 1087 2974 formularum
1111 2921 1211 2978 Titius
1229 2930 1280 2976 aut

306 3003 398 3062 Gaias
416 3004 492 3060 heres
510 3015 590 3060 estos
608 3001 689 3058 illam
706 3017 756 3058 aut
771 3005 852 3060 illum
869 3003 985 3060 liberum
1004 3027 1063 3063 esse
1079 3007 1168 3074 volo,
1187 3026 1282 3076 magne

300 3093 457 3162 disceptatio
473 3101 543 3143 esset
559 3089 688 3155 excitata,
707 3102 784 3160 atque
799 3091 843 3142 elii
862 3091 895 3144 ob
913 3089 1115 3146 disiunctionem
1129 3111 1213 3146 unum
1229 3093 1281 3146 he·
1327 3091 1328 3104 ¹

297 3179 389 3232 sedem
416 3175 596 3240 admisissent,
622 3175 714 3246 eique,
738 3177 783 3246 qui
801 3177 885 3246 primo
911 3177 972 3229 loco
1000 3180 1149 3231 nominatus
1174 3181 1282 3246 fuisset,

299 3262 508 3332 praerogativam
527 3260 725 3324 concessissent,
743 3261 788 3312 alii
806 3273 891 3312 autem
908 3263 1064 3331 perticulam
1091 3273 1142 3316 aut
1167 3265 1202 3317 de
1227 3265 1279 3316 he-
1326 3273 1327 3278 ’

293 3345 401 3399 sedibus
419 3345 564 3398 coniunctis
581 3355 608 3396 et
622 3346 772 3414 aequalibus
791 3339 963 3400 dictum'essc
989 3351 1165 3414 censuissent,
1194 3351 1279 3402 Iusti-

294 3431 405 3495 nianus,
441 3439 483 3482 ut¹
497 3431 701 3483 controversiam
738 3431 889 3496 dirimeret,
923 3433 991 3484 hanc
1017 3433 1103 3503 legem
1136 3437 1280 3488 constituit

297 3516 364 3569 God.
383 3515 416 3568 de
437 3517 517 3569 Verb.
543 3516 634 3582 signif.
652 3517 685 3580 6,
701 3515 751 3583 88,
772 3518 798 3570 4.
824 3517 935 3572 Melius
957 3521 1052 3590 itaque
1077 3516 1158 3574 nobis
1182 3525 1281 3575 visum

295 3613 354 3668 est,
371 3601 447 3656 omni
460 3597 618 3654 huiusmodi
631 3598 800 3655 verbositate
820 3601 948 3672 explosa,
968 3603 1190 3658 coniunctionem
1210 3616 1281 3658 aut

294 3704 346 3757 pro
369 3699 404 3743 et
418 3689 527 3756 accipi,
546 3695 577 3736 ut
595 3683 725 3738 videatur
746 3687 906 3758 copulative
931 3688 1013 3742 modo
1034 3706 1092 3742 esse
1107 3689 1229 3762 prolata
1250 3705 1280 3744 et

293 3774 385 3842 magis
408 3775 446 3826 sit
472 3763 704 3839 παραδιᾶζειιξις,
730 3781 761 3827 ιιι
785 3783 813 3826 et
829 3775 948 3846 primam
967 3791 1115 3844 personam
1142 3773 1274 3840 inducat,

293 3864 322 3908 et
342 3855 489 3908 secundam
506 3873 562 3908 non
580 3855 710 3926 repellat.
750 3857 988 3934 Quemadmodum
1003 3862 1092 3923 enim,
1109 3856 1191 3914 verbi
1204 3857 1276 3932 ‘gra-

294 3941 337 3993 tia
361 3941 390 3994 in
412 3939 559 3993 interdicto
580 3941 729 4012 quodni
746 3955 809 3997 aut
827 3943 935 4008 clam,
956 3953 1020 3997 aut
1038 3949 1199 4000 coniunctio
1219 3965 1274 4014 pro

293 4035 331 4078 et
349 4027 522 4099 apertissime
542 4029 638 4096 posita
663 4029 716 4081 est.
749 4021 808 4082 Hoc
832 4046 886 4080 non
910 4045 943 4080 ex
964 4029 1067 4080 ratione
1087 4031 1273 4096 grammatica,

293 4109 341 4160 ced
357 4109 390 4160 de
406 4109 515 4162 arbitrio
535 4121 562 4161 et
587 4111 616 4162 in
636 4113 751 4164 favorem
768 4130 954 4182 personarum,
977 4112 1088 4164 maxime
1106 4113 1274 4182 pupillorum

289 4191 424 4246 decretum
442 4205 514 4248 erat:
531 4212 590 4277 nam
606 4195 635 4248 in
650 4206 766 4252 extrema
781 4198 839 4266 lege
857 4197 974 4250 additum
998 4205 1055 4263 est,
1081 4208 1112 4249 ut
1135 4197 1163 4249 in
1189 4199 1270 4252 rebus
