2676 4748
8 1493 10 1522 i

8 1535 10 1578 i

437 272 748 362 .i,in,‘isss
934 356 936 363 ¹
1066 286 1106 350 si
1213 231 1216 243 ¹

166 423 251 472 Varro
272 409 342 501 epod
366 423 480 474 Nonium
503 426 583 476 Marc.
602 423 650 488 14,
670 426 712 498 37.
735 445 822 498 neque
837 429 869 482 id
885 429 920 482 ab
939 431 1029 486 orbita
1044 451 1107 488 ἠια.

129 493 331 577 trumfumilias
349 510 477 562 instituti.
499 510 574 562 Ovid.
592 511 702 564 Heroid.
721 510 757 574 2,
771 511 815 566 85.
834 527 926 567 careat
941 521 1109 573 successibus

131 602 213 660 opto,
235 595 360 664 quisquis
384 591 419 644 ab
443 604 543 666 eventu
560 591 648 664 faeta
670 596 796 648 notanda
812 609 904 666 putat.
927 602 945 652 i.
962 623 985 653 e·
1011 624 1106 657 secun—

129 677 189 728 dnm
214 687 353 741 eventum„
387 678 457 746 qnod
478 679 556 730 etiam
578 680 673 730 dicitnr
694 699 728 732 ex
750 691 860 738 euentu.
893 687 1016 739 Heinsius
1040 692 1106 742 male

128 755 259 830 explicuit'
269 773 330 830 post
344 772 482 827 eventum,
502 764 600 815 rectius
618 766 774 834 Lcnnepius.

141 887 211 951 Neo
234 887 514 1034 repugnabimus,
545 889 573 952 si
598 892 669 975 quis
697 893 731 954 in
748 891 816 954 aliis
834 892 915 957 locis
933 900 1106 986 praeposi-

70 971 276 1058 tionem‘exp
292 972 423 1036 icaverit
470 995 505 1036 er
523 974 640 1053 verba,
663 977 766 1061 vqrsod
777 979 949 1060 pertinet,
981 985 1105 1048 attinet
1145 991 1148 998 '

72 1057 127 1128 ud,
142 1080 212 1144 pro
231 1067 346 1142 purte.
392 1058 432 1122 Se
473 1059 581 1138 iniis,
611 1062 638 1123 si
662 1073 749 1124 recte
768 1062 953 1135 observavi,
976 1091 1107 1155 sempor

72 1163 115 1202 res
141 1141 434 1207 velsconsideratio
457 1142 601 1208 refertur
620 1147 660 1208 ad
679 1168 879 1234 personam,
909 1152 960 1215 vel
978 1153 1104 1218 adrem

72 1249 201 1309 persona
216 1227 377 1290 indutam.
782 1243 784 1248 ’

165 1348 217 1399 Cic.
238 1346 265 1396 in
281 1347 333 1398 Pis.
350 1344 393 1408 40,
412 1345 456 1397 96.
477 1363 571 1424 omnes
593 1355 752 1404 memoriam
770 1353 931 1408 consulatus
947 1359 996 1417 tui,
1009 1353 1103 1425 facta,
1169 1407 1173 1416 ,

130 1413 226 1494 mores,
238 1427 345 1498 faeiem
364 1429 481 1502 denique
496 1451 529 1483 ac
545 1450 643 1486 nomen
657 1455 674 1486 a
691 1434 834 1506 republica
850 1439 1030 1494 detestantur.
1047 1445 1104 1494 Hoc

129 1528 167 1567 est
182 1516 392 1586 prosopopoeiae
407 1517 561 1584 exemplum.

163 1620 245 1677 Plaut.
271 1619 344 1670 Cure.
366 1618 399 1681 l,
421 1618 452 1681 1,
471 1615 512 1668 51.
537 1630 596 1672 sam
616 1639 635 1672 a
657 1639 700 1674 me
721 1621 904 1692 pudica‘ess,
930 1629 1010 1696 quasi
1026 1643 1105 1677 soror

131 1695 187 1756 drea
213 1705 259 1756 ste.
298 1704 413 1763 Quocum
434 1703 549 1753 conferri
572 1715 661 1772 potest
686 1707 802 1758 Catullus
825 1707 874 1768 15,
901 1705 926 1757 6.
961 1726 1104 1763 conserues

128 1806 242 1858 puerum
266 1784 334 1840 milri
358 1786 474 1856 pudice,
501 1805 557 1839 non
582 1787 644 1840 dico
671 1810 688 1840 a
706 1789 825 1859 populo.
851 1809 1003 1860 quamquam
1022 1796 1102 1848 etiam

129 1871 284 1923 defendendi
305 1872 379 1922 notio
402 1873 498 1941 subest.
535 1873 591 1929 Cic.
610 1873 643 1924 ad
665 1877 736 1926 Fam.
753 1873 788 1938 5,
810 1877 862 1940 20,
880 1875 906 1932 3.
932 1899 948 1930 a
964 1897 1018 1948 quo
1035 1879 1102 1935 milri

129 1955 305 2026 exploratum
321 1966 383 2018 est,
408 1959 436 2010 in
455 1957 609 2028 rationibus
628 1960 776 2012 dunrsaxut
790 1956 943 2030 referendis
958 1963 1028 2016 nihil
1043 1985 1103 2018 eum

85 2075 89 2078 -
122 2037 228 2110 fecisse
245 2042 393 2103 scientem,
420 2041 495 2111 quod
518 2053 590 2096 esset
610 2055 706 2096 contra
725 2061 792 2112 rem·
827 2047 973 2098 Schellerus
998 2048 1024 2096 in
1046 2051 1102 2099 ob-

130 2145 193 2178 serv·
207 2145 235 2195 p.
246 2124 305 2176 164.
322 2145 339 2176 a
351 2143 405 2198 quo
419 2125 515 2182 dictum
529 2138 604 2196 putat
611 2146 659 2196 pro
675 2128 710 2184 de
725 2146 788 2200 quo.
806 2130 939 2180 Ernestius
953 2133 1062 2181 mutavit
1069 2133 1104 2185 de

129 2227 189 2282 quo.
207 2202 351 2262 'Neutrum
372 2209 516 2276 probabile.
551 2213 599 2261 Est
621 2205 705 2262 enimi
736 2213 808 2263 cuius
830 2231 844 2264 a
869 2224 961 2282 parte,
986 2217 1055 2282 quod
1071 2219 1104 2268 ed

98 2351 100 2356 ¹
129 2313 183 2346 eum
203 2295 307 2346 attinet.
343 2293 398 2344 cic.
421 2293 453 2344 de
481 2297 543 2347 Nat.
569 2296 644 2349 deor.
666 2295 700 2357 2,
717 2295 770 2358 49,
794 2294 854 2348 125.
883 2297 960 2350 lllud
980 2318 1045 2351 vero
1067 2299 1102 2352 ab

129 2377 278 2433 Aristotele
299 2377 540 2431 aniosadversums
575 2398 593 2430 a
616 2397 669 2452 quo
692 2379 825 2452 pleraque
855 2384 917 2453 quis
934 2394 1029 2452 potest
1048 2404 1104 2438 non

130 2464 246 2518 mirari?
268 2464 417 2524 Gronovius
435 2465 468 2514 ad
483 2466 538 2520 Liv-
553 2464 597 2528 27,
615 2462 640 2516 5.
662 2467 789 2535 explicat:
807 2467 877 2518 onius
891 2463 1024 2538 pleraque.
1050 2473 1103 2522 Ρο-

126 2559 175 2600 test
190 2550 270 2600 etiam
285 2567 357 2600 esse:
380 2544 483 2618 inquo.

143 2672 174 2732 ἲ.
204 2665 258 2729 Ex
282 2664 436 2733 hisu‘aro
461 2666 558 2730 facile
576 2653 661 2730 'colli
684 2669 751 2730 itur
764 2671 869 2750 ratio,
898 2651 964 2753 ¹qua
979 2690 1104 2758 nornen

75 2771 138 2814 cnm
158 2751 402 2840 praeposdione
423 2770 467 2816 AB
494 2753 610 2815 addere
633 2691 741 2814 solent
771 2775 842 2815 non
864 2763 993 2816 tuntum
1019 2777 1103 2839 poe·
1195 2779 1197 2792 ³

9 2865 14 2892 ,ι
74 2845 133 2917 tac,
158 2838 215 2902 sed
240 2835 386 2922 optimus
411 2836 550 2922 quisque
576 2836 721 2922 scriptor
752 2837 933 2912 adiectivis‚
963 2849 1001 2900 ut.
1020 2861 1104 2902 con·

75 2921 220 2988 ditionem
239 2921 384 2984 indicent
409 2931 465 2986 aut
492 2921 532 2984 ad
558 2928 680 2984 certam
705 2921 849 3006 aliquam
868 2923 1101 3004 retardatam,

75 3017 121 3069 aut
144 3031 183 3072 ex
203 3007 339 3072 alicuius
364 3007 413 3074 rei
436 3018 533 3094 perte
549 3006 771 3093 spectandam.
814 3006 853 3070 In
869 3006 920 3069 his
936 3029 1104 3103 grommo-

74 3092 120 3155 tici
139 3091 425 3182 praepositionem
443 3093 496 3158 vcl
520 3093 683 3156 abundare
707 3093 831 3170 dicunt,
857 3092 908 3155 vel
923 3091 1106 3178 significare

69 3191 223 3264 propter.'
252 3176 319 3241 Sed
348 3199 415 3263 quo
446 3201 543 3242 sensu
569 3177 649 3242 haec
676 3178 781 3265 accipi
804 3177 961 3257 debeant,
992 3178 1015 3241 ii
1038 3178 1104 3243 loci

74 3262 310 3343 demonstrant,
335 3263 370 3326 in
397 3263 514 3349 quibus
536 3265 605 3351 ipsa
628 3261 723 3342 haee‘
731 3263 831 3327 verba
853 3261 896 3327 ad
918 3265 1105 3350 deoperte

73 3347 225 3434 leguntur.
268 3347 398 3412 Eodem
431 3349 551 3412 modo,
577 3350 704 3437 Graeci.
748 3347 919 3422 Theocrit.
954 3354 1012 3430 16·,
1049 3352 1102 3416 49.

73 3439 160 3516 θῆλυν
180 3429 239 3498 rirrd
263 3437 364 3518 χροιᾶς
387 3429 518 3498 Κύκνον.
750 3459 761 3464 ·

161 3557 246 3606 Varro
263 3553 296 3604 de
311 3555 341 3606 L.
355 3555 413 3607 Lat.
429 3553 463 3618 8,
481 3552 525 3608 29.
544 3554 582 3622 (p.
600 3551 658 3604 136.
675 3551 742 3620 sip.)
763 3551 838 3624 quod
854 3563 972 3624 rogans,
1001 3572 1035 3606 esc
1050 3572 1105 3626 qua

84 3691 95 3708 χ
128 3651 206 3710 parte
221 3633 355 3710 oporteat
370 3637 461 3692 simile
476 3657 534 3693 asse
554 3637 684 3698 verbum,
705 3635 741 3688 ab
756 3655 823 3690 voce
844 3657 880 3696 au
896 3658 913 3690 a
927 3639 1105 3708 significatio·

128 3742 177 3776 ries
201 3721 434 3795 respondeamus,
472 3745 489 3776 a
511 3743 587 3778 voce.
622 3726 653 3774 In
677 3723 769 3790 quibus
791 3719 827 3774 ab
854 3723 998 3791 explicatur
1019 3725 1105 3774 verbis

132 3825 164 3860 ex
180 3827 236 3880 qua
251 3819 340 3880 parte.
374 3809 485 3866 Plancus
507 3809 575 3877 apud
598 3808 651 3858 Cic.
667 3807 701 3856 ad
718 3809 788 3858 Fam.
808 3805 856 3868 10,
877 3805 921 3868 24,
939 3805 979 3856 17.
997 3824 1105 3859 securos

130 3909 179 3945 vos
215 3892 250 3946 ab
280 3891 332 3945 has
353 3898 435 3962 parte
459 3892 611 3946 reddemus.
647 3892 745 3944 Livius,
763 3890 798 3952 1,
825 3887 876 3953 32,
901 3889 925 3942 2.
953 3895 1018 3964 quio
1041 3909 1105 3961 pro-

130 3977 234 4030 simum
255 3995 384 4048 regnum,
414 3989 502 4032 cetera
527 3981 686 4050 egregium,
713 3973 747 4027 alr
774 3994 829 4028 una
843 3985 924 4045 parte
945 3973 1021 4054 laud
1035 3977 1104 4027 satis
1174 4039 1178 4046 .

130 4080 291 4132 prosperum
300 4056 407 4140 fuerat.
