2760 4748
146 427 151 440 .
262 329 325 396 406
720 330 848 396 ιΑΡἮ).
871 376 878 398 .

236 480 402 558 dentur,
426 482 491 569 qui
506 473 651 547 litteram
673 485 705 548 T
729 481 937 572 praeferrent
959 505 1030 548 non
1052 485 1113 550 ulia
1129 482 1171 550 de
1188 493 1320 561 caussa,

264 567 415 655 quartia
436 567 503 634 ad.-
525 569 646 656 dequo
664 570 727 636 vid.
743 593 779 659 p.
797 569 850 633 74.

277 689 279 696 ’
308 664 314 683 .
363 677 472 745 'Perillae
496 709 528 741 ex
544 691 625 742 Festo
652 697 740 762 apor',
764 689 851 760 apud.
869 690 940 760 qpod
966 707 1021 744 non
1045 689 1199 742 mutandum
1225 700 1272 742 est
1292 691 1321 741 in

274 801 279 808 ·
331 759 420 850 apot‘i
451 793 603 848 quamquam
634 773 663 826 id
688 777 717 826 in
750 777 841 830 codice
867 777 979 846 quodam
1003 773 1104 829 invenit
1130 779 1165 827 Is.
1193 777 1321 835 Vossius,

334 858 407 912 Caes.
426 844 542 928 Scalig‘er
559 859 592 912 de
609 863 684 912 Ceus.
699 863 745 913 lat.
769 863 835 930 ling.
858 861 916 912 157.
942 863 1031 931 inepte
1058 862 1215 932 opinabatur
1239 860 1322 930 apud

330 939 719 1019 contractpm.fornra1i1.esse
743 947 882 1001 verborum
906 945 946 998 ad
968 945 1073 1017 pedes.-
1101 964 1152 1020 nec
1171 956 1319 1014 repugnat,

330 1031 540 1100 quodminus,
560 1033 670 1084 Vossius
689 1032 722 1084 de
740 1032 852 1099 Analog.
875 1030 909 1092 4,
926 1028 970 1083 28.
996 1049 1022 1100 p.
1039 1027 1100 1082 264.
1140 1032 1199 1083 Nec
1223 1031 1320 1084 melius

334 1097 470 1167 Scheidias
495 1117 528 1167 ad
546 1120 633 1168 Senot.
661 1118 726 1168 Min.
747 1137 777 1186 p.
802 1115 904 1169 &aa
928 1110 1099 1181 graecanici
1125 1115 1250 1182 derivat,
1278 1116 1319 1166 cni

333 1218 415 1252 nexus
438 1221 483 1253 seu
501 1202 610 1270 copulae
625 1201 798 1268 significatum
813 1201 910 1263 tribuit
930 1217 1037 1269 prorsus
1061 1201 1185 1252 alienum.
1220 1201 1317 1252 Schel-

333 1287 403 1336 lerus
424 1285 551 1354 originem
571 1278 674 1354 qiuaerit
691 1285 720 1336 in
736 1287 838 1353 graecis
857 1283 924 1340 auti
943 1297 970 1338 et
986 1279 1074 1354 aiaraci,¹
1090 1303 1202 1355 quorum
1214 1303 1318 1353 cogna-

309 1363 312 1370 ’
331 1367 431 1422 tionem
448 1371 493 1424 vix
514 1371 579 1422 alius
601 1371 736 1446 quisquam
751 1372 902 1440 perspiciet.

378 1477 445 1528 Mar.
466 1476 596 1544 Victoria.
621 1478 677 1524 Art.
695 1493 734 1542 gn
752 1493 780 1543 p.
797 1472 874 1527 2457.
891 1472 940 1526 sed
958 1487 1010 1524 nos
1028 1491 1100 1525 nunc
1114 1483 1145 1526 et
1162 1471 1318 1526 adventum

267 1563 270 1571 ’
333 1565 362 1610 et
379 1559 458 1629 apud
475 1579 524 1629 per
543 1560 575 1614 ‘D
592 1563 689 1630 potius
707 1579 790 1632 quam
809 1579 859 1632 per
882 1559 911 1616 T
927 1556 1102 1628 scribamus.
1122 1567 1272 1610 atvantum
1290 1565 1318 1610 et

334 1655 414 1712 apat.
448 1647 541 1710 Erant²
558 1645 603 1713 qui
626 1645 759 1711 corrigere
778 1618 877 1698 efflent
893 1645 993 1715 panii
1011 1647 1126 1714 patius:
1141 1659 1221 1710 quum
1240 1651 1315 1693 vete-

333 1744 376 1777 res
395 1729 524 1783 dixissent
537 1721 664 1799 aiflois,
683 1741 850 1782 arvocatuas
867 1730 913 1782 sed
931 1731 1037 1780 frustra.
1072 1728 1161 1781 Velius
1177 1728 1268 1792 Long.
1285 1726 1317 1776 de

270 1881 272 1889 Ι
336 1812 462 1880 Orthogr.
491 1833 518 1882 p.
541 1811 622 1866 2231.
644 1830 705 1866 non.
725 1803 965 1879 dubitaturum,
992 1816 1059 1885 qaia
1084 1811 1185 1883 apud
1210 1831 1264 1882 per
1291 1811 1315 1864 D

270 1951 273 1958 Ι
332 1893 418 1948 scribi
446 1895 564 1960 debeat,
592 1897 723 1968 quoniam
740 1897 820 1951 nulla
838 1903 1012 1967 praepositio
1038 1897 1179 1966 Tliittera
1189 1892 1316 1966 finitur:

335 1983 432 2034 statim
453 1980 549 2036 melius
576 1993 660 2034 sonat
677 1993 794 2054 propter
822 1967 936 2038 nimiam
967 1985 995 2040 T
1017 1983 1127 2038 litterae
1153 1981 1314 2036 exilitatem.

335 2063 525 2122 Grammaticui
542 2086 619 2138 quum
644 2079 779 2139 utramque
806 2069 963 2139 scripturam
991 2070 1112 2120 usitatam
1136 2068 1313 2136 cognovisset,

270 2209 272 2214 ¹
337 2147 563 2221 circumspiciebat
580 2164 746 2220 argumenta,
771 2173 881 2223 quorum
906 2173 971 2224 quac
988 2141 1081 2219 afferi,
1107 2163 1201 2222 parum
1219 2153 1312 2202 valent.

336 2235 368 2285 In
387 2237 603 2306 inscriptionibus
621 2250 707 2291 exstat
727 2258 792 2292 nrvr
818 2239 887 2310 apud
908 2243 1048 2291 Gruterum
1066 2235 1134 2302 866,
1152 2233 1180 2291 4.
1204 2235 1271 2298 378,
1290 2233 1313 2288 4.

335 2317 403 2386 408,
430 2319 454 2373 1.
476 2322 589 2376 R'ariora
615 2344 679 2394 esse
696 2326 761 2377 haec
782 2326 900 2396 exempla
925 2314 1000 2376 notat
1024 2322 1196 2392 Dausqueias.
1236 2323 1312 2372 Corui.
1361 2333 1362 2361 1

335 2405 465 2457 Gellarius
490 2409 519 2458 in
542 2411 668 2476 Orthogr.
690 2429 717 2478 p.
738 2409 796 2460 176.
826 2421 854 2462 et
878 2430 905 2479 p.
923 2407 966 2461 54.
999 2405 1311 2476 noncupatum.

335 2484 367 2537 In'
382 2490 651 2548 codicibue'Tereatii
672 2504 745 2566 apat
761 2495 893 2550 iuvenisse
911 2495 1013 2548 videtur
1030 2494 1180 2546 Benfleius:
1200 2493 1312 2546 restituit

288 2627 290 2634 ‚
335 2572 405 2623 euim
421 2573 450 2624 id
467 2575 571 2646 ubique.

349 2698 491 2785 Antiqua
513 2709 687 2794 praecepta
710 2689 791 2776 haec
814 2713 891 2778 suut
913 2700 1069 2766 Prisciani
1084 2701 1146 2766 14.
1161 2702 1228 2784 18,
1250 2695 1309 2783 32.)

267 2799 304 2866 p.
322 2783 397 2848 989.
417 2809 440 2848 a
445 2787 535 2871 pud
551 2811 656 2854 imam
672 2788 774 2855 habet
788 2784 1091 2877 significationem,
1115 2786 1154 2850 io
1172 2787 1255 2860 loco,
1276 2794 1308 2846 at

268 2867 364 2951 apud
378 2868 628 2940 Numantiam:
658 2876 866 2963 adiungitur
883 2885 1000 2940 tamea
1024 2873 1131 2937 etiam
1178 2870 1308 2944 areanis,

266 2961 305 3014 ut
320 2955 416 3042 apud
435 2959 602 3035 amicam,
624 2959 720 3110 apud
736 2962 975 3040 Athenienses,
995 2969 1029 3024 et
1045 2893 1309 3045 aigaifiiatmpi

264 3055 450 3126 graecam,
479 3047 616 3131 qttaado
653 3066 749 3110 acam
774 3045 869 3132 apud
891 3046 968 3110 illoc
992 3045 1217 3108 demonstrat.
1259 3040 1309 3106 Ea
1357 3085 1358 3133 p

155 3183 163 3194 ,
267 3136 382 3192 autem
393 3131 605 3214 praepositio
621 3133 659 3196 iu
674 3133 917 3216 compositione
927 3151 997 3196 aon
1008 3130 1191 3194 iazacnitar.
1218 3124 1307 3192 Cous.

268 3215 317 3274 18.
341 3214 414 3298 (27,
439 3215 528 3297 284.)
545 3239 585 3302 ρ.
600 3219 693 3280 1204.
717 3217 908 3298 Cledpuius.
928 3241 963 3304 p.
981 3219 1076 3282 1934.
1118 3215 1248 3278 Harum
1268 3213 1308 3275 si·
1356 3219 1357 3288 1

267 3297 515 3384 gnificatiouum
532 3321 631 3388 quam
648 3297 834 3376 Priscianus
849 3302 1028 3366 secundum
1045 3323 1113 3366 esse
1130 3299 1257 3379 voluit,
1278 3320 1312 3384 eu*
1356 3303 1357 3325 ¹

264 3383 590 3532 primarium'locam
605 3387 745 3454 obtinet.
788 3389 874 3452 Nam
892 3387 1004 3474 apud,
1035 3386 1126 3475 quod
1153 3395 1201 3451 est
1225 3379 1309 3467 aopi,
1355 3399 1356 3464 ᾗ

118 3547 123 3554 x
245 3499 247 3504 ·
289 3469 337 3546 ei,
358 3469 632 3558 propriedicitur
648 3475 688 3538 de
704 3476 778 3540 loco
798 3497 981 3561 personae„
1012 3473 1034 3537 i.
1054 3497 1084 3538 e.
1103 3471 1144 3535 de
1168 3469 1308 3535 homiui·
1355 3471 1356 3520 1

95 3630 98 3634 .
126 3559 128 3564 '
194 3563 218 3616 .¹·
266 3553 328 3618 bus
345 3577 401 3620 seu
418 3559 587 3642 personis,
610 3560 728 3644 quibus
744 3562 852 3646 aliqua
868 3581 920 3623 res
940 3561 1032 3623 iuxta
1046 3558 1154 3646 posita
1170 3567 1226 3622 aut
1239 3556 1307 3620 loco

267 3641 447 3706 'coniuncta'
462 3653 527 3722 cst,
541 3655 582 3708 et
599 3665 680 3729 quae
703 3641 744 3709 de
769 3645 868 3712 rebus
892 3645 1056 3732 proximis
1075 3654 1121 3726 et,
1133 3644 1225 3710 iuxta
1247 3641 1307 3706 sitis
1354 3661 1355 3711 1

264 3726 440 3816 dicuntur,
478 3729 673 3794 translatum
700 3743 798 3794 usum
821 3729 961 3805 habent„
1001 3739 1033 3794 et
1065 3731 1224 3816 pauciora
1246 3727 1307 3814 ipsa

268 3821 355 3898 sunt.
398 3815 536 3902 Egregie
556 3814 686 3880 Festus:
714 3816 833 3904 apud
850 3828 1006 3880 mutuam
1021 3815 1089 3880 Ioci
1105 3823 1307 3900 etpeiaanae

268 3898 539 3964 coniunctionem
568 3899 757 3989 significat.
817 3903 960 3991 Operam
991 3924 1084 3965 suam
1115 3899 1259 3989 perdidit
1286 3895 1307 3958 Ι.

224 4043 226 4052 ,
267 3984 368 4048 Henr.
383 3983 531 4058 Ernesti,
563 3989 673 4076 quiin
697 3988 783 4054 libro
815 3988 855 4052 de
879 3988 983 4052 Cautii
1005 3987 1166 4052 latinitate
1191 4009 1227 4072 p.
1242 3983 1307 4049 365.

267 4069 494 4161 demonstrare
507 4085 643 4138 conatus
660 4083 718 4158 est,
733 4075 769 4142 iu
785 4071 938 4142 omuibas
954 4073 1206 4164 loquutiouibus
1224 4065 1309 4158 apud

262 4154 357 4220 idem
377 4156 484 4232 valere
500 4160 591 4246 qaod
611 4170 726 4225 anta
767 4179 770 4186 ·
818 4204 821 4214 ·

763 4466 770 4509 i
