2726 4746
464 337 627 427 ueru.
669 285 748 436 A'c.
858 295 900 328 '‘
1062 346 1124 410 uer

135 495 230 548 Arch-
248 493 300 559 12,
322 493 365 548 60.
383 481 435 568 ega
458 514 524 550 vera
544 498 653 558 omnia,
679 515 750 574 qaae
775 477 921 570 gerebam.
947 499 1003 552 iam
1018 509 1077 552 tum
1096 503 1127 554 ire
1174 511 1176 522 ’

148 579 278 653 gerendo,
296 599 428 652 spargere
444 601 487 654 me
503 602 536 634 ac
554 582 733 636 disseminare
751 574 906 636 arbitrabar
925 587 954 638 in
971 583 1045 638 oriris
1073 595 1126 638 ter·
1212 605 1213 610 ¹

148 687 196 720 rae
214 669 374 734 cremoriqm
401 673 601 742 recipiternam.
638 688 664 737 p.
693 671 777 720 Domo
802 667 853 732 28,
877 667 919 727 75,
945 669 1030 722 lucem
1049 669 1124 723 talu·

150 763 259 823 temque
278 751 417 805 redditam
435 753 489 808 siti
507 773 539 808 aa
555 757 714 812 restitutam
737 757 860 823 accipere
878 751 981 806 debuit.
1016 765 1045 804 ut
1068 757 1124 806 Tc-

146 848 216 889 rent.
237 839 303 907 Eun.
326 838 359 904 l,
377 839 411 902 2,
429 837 472 890 67.
498 850 530 892 at
554 843 611 892 sais
637 835 782 893 restituam
806 857 839 897 ac
863 838 986 892 reddant.
1021 841 1125 891 Sallust.

146 924 204 977 Cat.
224 921 258 988 6,
280 923 305 978 1.
320 939 408 994 genus
428 924 569 978 homiuum
593 949 628 964 -
651 923 764 982 liberam
791 934 875 996 atque
899 925 1032 1002 salutum.
1067 927 1125 977 Te-

145 1019 215 1070 rent,
237 1005 285 1060 Ad.
311 1009 343 1072 8,
369 1010 402 1073 1,
428 1011 467 1060 10.
495 1008 549 1062 tali
576 993 687 1080 ingenio
714 1019 797 1080 atque
814 1003 920 1064 antara.
952 1013 992 1061 De
1010 1011 1124 1062 coniun-

146 1089 239 1161 gendis
264 1095 395 1146 vocubulis
421 1087 562 1165 perfectus
587 1105 672 1164 atque
701 1092 847 1146 absolutus
873 1095 926 1148 vid.
945 1097 1073 1148 Goerenz.
1091 1096 1125 1146 ed

131 1179 202 1230 cic.
220 1177 326 1232 dorin.
345 1199 372 1248 p.
390 1178 451 1233 620.
475 1179 532 1234 Liv.
550 1180 599 1240 21,
622 1177 672 1254 56,
694 1179 720 1232 2.
739 1183 871 1235 niemoria
894 1178 1016 1234 valueris
1035 1185 1124 1234 aciem
1167 1205 1169 1210 ·
1242 1199 1251 1235 '.

147 1285 181 1317 ac
198 1264 256 1318 tela
273 1264 389 1319 horrere.
424 1265 531 1318 Terent.
546 1263 626 1317 Andr.
643 1265 678 1330 l,
699 1269 730 1332 1,
749 1262 792 1316 47.
817 1268 908 1320 vitam
926 1283 1008 1334 parce
1028 1285 1060 1318 cc
1075 1262 1124 1318 du'·

144 1351 212 1402 riter
230 1348 340 1420 agebat.
375 1351 441 1400 Eun.
464 1351 495 1414 1,
513 1349 547 1414 2,
566 1351 609 1402 96.
629 1355 736 1405 utinam
759 1352 829 1408 ictuc
845 1347 958 1403 verbam
977 1368 1011 1404 cx
1029 1356 1123 1408 acinco

146 1441 260 1512 riclam
276 1433 387 1488 diceres.
420 1437 486 1486 Eun.
504 1435 547 1501 2,·
560 1435 594 1500 3,
612 1435 655 1488 71.
673 1433 782 1505 faciam
799 1431 896 1489 sertula
914 1455 947 1486 ac
965 1434 1039 1488 dabo
1059 1456 1126 1508 ope.

145 1539 227 1573 ram..
250 1519 381 1572 Bentleius
406 1520 503 1573 abiecit
528 1541 577 1585 ac,
604 1532 633 1572 ut
650 1540 700 1590 per
720 1521 847 1590 asyndete
870 1522 964 1572 fortius
988 1510 1126 1576 incederet

148 1605 243 1656 cretio.
277 1608 312 1656 At
335 1605 464 1674 particula
482 1606 533 1658 duo
559 1606 638 1656 verbe
664 1606 692 1658 in
718 1625 795 1658 unam
819 1606 955 1658 notionem
979 1608 1125 1676 coniungit,

146 1689 219 1758 quad
242 1699 319 1757 auget
341 1690 393 1742 vim
419 1690 556 1744 orationis.
590 1693 622 1742 In
641 1692 766 1754 Quinctil.
784 1688 848 1742 lust.
866 1691 900 1756 9,
919 1688 952 1757 4,
972 1693 1015 1744 20.
1044 1695 1123 1764 Spel-

145 1775 249 1842 dingius
267 1777 333 1828 bene
350 1775 481 1830 restituit:
500 1781 674 1847 nequeenim
694 1787 746 1844 aut
761 1775 837 1832 hiare
854 1795 961 1847 semper
977 1777 1124 1833 vocalibus
1169 1797 1172 1807 ·

145 1872 197 1915 aut
214 1859 329 1914 destitui
347 1859 636 1931 temporilrucvalunt
654 1882 743 1917 sermo
758 1875 841 1944 atque
857 1853 990 1934 epistola-J
1001 1875 1038 1938 ‘et
1053 1861 1078 1930 9,
1096 1865 1122 1927 t,
1179 1851 1183 1864 ⁸

146 1946 309 2017 13.=qaodsi
329 1949 448 2002 caninis
466 1967 499 1999 ac
518 1948 611 2002 madir
632 1952 705 2004 inest
724 1950 861 2022 quaedam
880 1953 967 2001 tacita
986 1953 1037 2004 vis.
1068 1955 1124 2002 ‘At-

146 2051 197 2101 que
214 2034 252 2084 ita
270 2051 284 2084 e
303 2032 402 2086 codicis
429 2032 510 2084 Goth.
530 2036 688 2088 auctoritate
717 2035 891 2088 revocandum
911 2035 940 2084 in
958 2036 1079 2110 Lactant.
1097 2035 1125 2100 6,

144 2115 219 2182 1‚5.
237 2119 262 2172 si
274 2113 362 2188 focos
380 2118 493 2174 adorati
517 2139 550 2172 ac
566 2125 668 2175 veteris
694 2121 754 2174 cirri
780 2111 946 2192 profusione
969 2117 1125 2188 azariefece·

114 2249 118 2258 ,
144 2205 209 2257 rint.
228 2203 306 2271 vulga
325 2217 393 2256 aute
412 2205 457 2256 sed
476 2207 601 2280 qptimurn
619 2207 776 2274 intelligitur
795 2206 897 2278 viuum,
915 2205 985 2272 quod
1007 2215 1124 2258 etvetus

111 2285 114 2322 ·'
144 2296 230 2340 estet
248 2280 393 2340 odoratum.
423 2285 476 2342 vid.
494 2293 650 2367 Heusingeri
666 2292 774 2344 Emend.
792 2309 819 2359 p.
837 2287 879 2342 92.
899 2300 926 2340 et
944 2287 985 2340 18.

179 2375 220 2426 Ob
237 2371 304 2426 hanc
323 2393 439 2428 caussam
462 2377 672 2446 frequentissima
688 2389 729 2429 est
750 2375 918 2429 cummutatio
936 2374 1124 2446 particularum
1139 2379 1158 2454 ⁸.

143 2470 228 2529 atque
246 2470 273 2510 et
290 2471 349 2515 erat.
378 2463 435 2513 Lir.
454 2457 505 2524 21,
519 2461 553 2528 4,
573 2460 599 2514 4.
616 2473 688 2514 recte
707 2463 804 2530 legitur
813 2457 934 2531 fortiter
951 2479 985 2512 ac
1004 2472 1122 2518 strenue.
1154 2457 1156 2464 ¹

145 2545 190 2596 nbi
209 2543 254 2595 elii
271 2545 375 2600 codices
395 2548 454 2600 anit.
487 2548 522 2612 3,
547 2546 600 2614 42,
625 2548 651 2606 4,
678 2559 779 2606 natura
803 2545 859 2598 loci
887 2565 919 2597 ac
942 2541 1040 2610 vallo,
1066 2563 1123 2598 nort

145 2631 250 2683 virtute
267 2642 316 2684 aut
336 2637 421 2687 armis
440 2631 613 2688 tutabantur.
637 2630 682 2686 ubi
699 2631 802 2684 librarii
817 2639 950 2682 mutarunt
965 2639 1016 2681 aut
1032 2629 1124 2688 vallo.

81 2768 83 2780 ι
158 2739 190 2798 2.
224 2733 335 2812 Quare
348 2735 470 2799 indicat
492 2755 636 2818 ATQVE,
670 2736 806 2804 alteram
830 2756 901 2798 rem
924 2733 1023 2798 simul
1045 2755 1124 2804 eum

76 2819 177 2883 ultera
197 2820 339 2906 positam
364 2842 431 2884 esse
450 2823 501 2886 vel
519 2819 684 2886 exsistere.
729 2819 830 2884 Sicuti
850 2818 1002 2896 Tacitus,
1030 2822 1122 2907 quod
1199 2875 1202 2887 ,

74 2909 163 2969 Anu.
183 2911 215 2985 2,
234 2909 262 2968 6.
283 2905 367 2969 dixit
385 2905 426 2970 de
440 2907 595 2971 nuribus:
620 2903 836 2993 augebantur
853 2903 1036 2969 alacritate
1053 2907 1122 2972 mi-

75 2991 177 3054 litum
200 2991 243 3052 ‘irc
260 2991 410 3076 'speciem
436 3016 478 3056 ac
499 3003 681 3066 terrorem,
696 2990 800 3066 ¹idern
825 2989 935 3068 addito
960 2991 1122 3055 vocabulo
1187 2994 1201 3015 ”

74 3077 180 3140 simut
206 3079 366 3164 expressit
397 3071 474 3164 Agr.
504 3080 558 3143 35.
584 3077 837 3142 Britannorum
860 3075 951 3138 acies
981 3076 1018 3138 ia
1043 3099 1122 3163 epe·

29 3237 33 3242 ,
76 3163 165 3228 ciem
178 3161 281 3226 simut
298 3186 339 3226 ac
354 3174 518 3228 terrorem
534 3161 733 3228 editioribus
753 3161 836 3226 tocie
848 3161 1071 3226 constiterat.

179 3283 244 3335 Lien
257 3281 289 3350 3,
307 3285 357 3350 42,
374 3287 401 3338 2.
420 3284 522 3358 nequid
542 3285 626 3338 ductu
650 3293 734 3358 atque
757 3283 882 3355 auspicio
909 3281 1123 3338 decenarirorum
1184 3281 1188 3298 ¹

143 3386 278 3440 prospere
296 3367 411 3444 usquam
426 3380 572 3442 gereretur.

92 3511 94 3516 .
160 3477 192 3536 3.
226 3468 332 3553 Quod·
360 3473 403 3537 itu
433 3474 469 3538 in
501 3474 649 3560 cognatis
681 3459 875 3538 notionibus
905 3471 1122 3557 apparet‚,id

77 3556 178 3620 etiem
194 3557 229 3620 in
248 3557 539 3646 qualibuscumque
553 3559 591 3624 iis
606 3559 722 3625 locum
735 3557 851 3642 hebet,
876 3577 959 3644 quae
978 3577 1130 3642 comp0-·

44 3661 46 3666 ’
77 3645 139 3708 sita
153 3644 417 3730 aequiparentur,
434 3655 531 3732 atque
548 3644 613 3709 hoc
635 3645 770 3710 arctiori
786 3665 876 3710 nexu
885 3663 949 3712 una
965 3663 1122 3727 compre·
1199 3701 1202 3717 ,

58 3725 279 3792 henduntur.
325 3729 402 3809 Quo
425 3727 482 3811 fit,
503 3741 540 3822 ut
564 3742 666 3818 atque
679 3731 769 3796 idem
791 3725 948 3824 sitquod
971 3737 1004 3790 et
1018 3763 1060 3810 ·†·
1077 3740 1122 3806 et,
1145 3774 1154 3790 .
1178 3797 1183 3804 .

74 3813 128 3882 vel
144 3826 182 3878 ert
196 3815 316 3898 -ita,
341 3815 393 3880 vel
408 3837 510 3902 aeque
524 3837 577 3883 ac.

180 3936 285 3987 Sallust.
311 3937 367 3986 Cet.
392 3933 436 3988 30.
464 3937 575 4000 carnia,
601 3933 720 3992 honesta
742 3945 826 4006 atque
854 3931 1008 3990 inhonesta.
1023 3954 1060 3987 ¹0.
1075 3935 1121 3990 20.

144 4017 254 4073 nobiles
273 4031 356 4092 atque
371 4018 525 4091 'ignobile-s.
560 4021 619 4072 Lir.
641 4021 692 4086 21,
712 4018 746 4083 4,
763 4019 789 4072 6.
814 4019 917 4074 caloris
942 4040 975 4072 ac
994 4015 1121 4088 frigoris

143 4107 284 4175 patientia
301 4124 362 4175 par.
396 4104 498 4201 6,.41,
515 4104 542 4160 4.
561 4103 635 4160 bello
652 4125 685 4158 ac
700 4121 778 4175 pace.
813 4105 890 4167 Quod
903 4109 1009 4176 Terent.
1025 4106 1119 4156 Heaut.
1180 4121 1185 4129 ·

144 4189 308 4254 a,r,1os.
329 4189 413 4248 lodie
438 4209 500 4248 sera
524 4193 763 4272 ac'aequirquam
786 4187 873 4246 uates.
902 4189 931 4242 id
955 4189 1045 4260 (licere
1070 4207 1119 4260 per

1151 3111 1162 3143 N
