2726 4746
505 373 601 440 esr.
642 372 713 464 rr.
758 393 761 406 ·
939 451 940 457 Ν
1072 371 1136 439 rsa

85 529 175 596 citur
199 524 292 614 quasi
317 547 392 592 cum
407 526 645 602 affirmatione,
666 525 821 616 sicilicis.
865 527 1133 613 Assumpticnem

84 617 246 697 dicimus,
280 613 371 676 cuius
397 615 444 677 vis
473 635 513 678 ex
540 613 671 676 rimitur
692 615 814 679 uerbis:
833 609 1077 700 faclzocesse:
1103 625 1159 684 et,

85 701 364 787 occupationem,
388 719 487 784 quam
505 637 619 783 dracoi
640 695 802 779 baconeria
819 707 947 762 vocant.
990 698 1077 762 Haec
1098 701 1135 764 in

83 789 240 852 oratioue
272 785 318 847 ita
345 795 611 872 componuntur,
640 795 695 860 ut,
727 785 817 871 quod
845 783 1014 847 nonnullis
1041 784 1135 848 aliter

81 875 286 942 visum-est,
316 869 358 932 ad
377 881 501 934 certam
515 869 784 954 interloquutoris
808 891 985 956 personam
1008 869 1139 936 referre.

81 981 157 1024 non
174 956 296 1041 ubique
309 954 413 1019 liceat.
459 955 660 1020 Goerenzius
681 957 715 1020 in
732 955 898 1020 Ciceronis
915 953 1005 1018 libris
1024 977 1133 1043 appo-

81 1046 152 1108 suit
175 1045 286 1128 signa,
319 1055 402 1126 quae
425 1051 522 1105 vocat
551 1040 791 1105 diverbiorum:
832 1039 890 1104 sed
922 1061 1058 1120 vereor,
1095 1043 1133 1104 ut

80 1125 456 1212 rectefe'cerit‘uhiquer
502 1124 601 1191 Conf.
622 1121 729 1190 Wolf.
753 1127 792 1191 ad
807 1126 922 1190 Horat.
942 1124 1009 1196 Sat.
1030 1131 1059 1200 1,
1078 1130 1132 1190 80.
1176 1159 1178 1165 -
1211 1124 1215 1131 ’
1269 1079 1300 1156 ’ἵ

82 1215 188 1302 Sequi
213 1221 324 1300 potest
346 1213 427 1275 adeo
451 1213 629 1276 sententiae
654 1213 798 1299 amplior
822 1209 1049 1286 confirmatio,
1074 1221 1132 1274 aut

80 1301 236 1366 modesta
262 1295 452 1362 refutatio.v
479 1297 529 1362 Dc
553 1296 619 1360 hoc
646 1318 707 1360 usu
733 1299 796 1362 vid.
823 1295 936 1362 Schola
964 1296 1065 1382 Cruq.
1090 1297 1132 1360 ad

80 1389 203 1452 Horat.
219 1382 286 1448 Sat.
305 1387 332 1463 1,
355 1389 385 1462 2,
413 1386 463 1447 18.
489 1383 621 1448 Curtius
638 1383 676 1446 ad
695 1380 761 1448 Cic.
778 1383 884 1471 Epist.
900 1386 931 1463 9,
954 1386 985 1446 6.
1007 1384 1141 1472 patr.

81 1472 425 1555 umaapmn
571 1513 575 1529 .
749 1513 754 1538 .

191 1591 273 1659 Epist.
291 1583 416 1640 urati‘ed
434 1585 531 1640 ctat.
552 1596 648 1638 statuo
670 1585 758 1649 nibil,
780 1587 835 1640 nisi
855 1585 924 1637 boae
946 1589 1131 1638 'senatusaut
1157 1576 1158 1579 Ἴ
1221 1627 1226 1636 .

142 1674 259 1748 ‘populi
278 1679 388 1730 romani
410 1675 544 1730 iudicium
567 1689 626 1724 esse
652 1667 687 1724 sle
701 1665 883 1734 iis'ainibus‘,
904 1674 952 1740 qui
973 1683 1130 1742 pugnantes
1158 1665 1160 1668 ’

156 1780 212 1814 non
222 1758 383 1814 interierint.
416 1763 458 1820 At
467 1757 518 1809 hoe
528 1748 628 1826 ipsum,
651 1759 767 1827 inquies,
781 1759 873 1827 inique
882 1751 971 1835 facis,
989 1762 1035 1826 qui
1045 1756 1130 1808 basti-

157 1845 194 1900 li‘s
213 1847 300 1896 animi
319 1847 348 1896 in
369 1841 564 1914 rempublicam
590 1840 731 1905 homines,
758 1841 830 1894 aives
855 1837 993 1912 appelles.
1042 1843 1138 1896 imma·

131 1931 312 1985 iustissime.
393 1971 395 1978 .
947 1931 949 1936 '

189 2013 303 2080 Philipp.
322 2012 355 2076 2,
371 2007 405 2077 9',
422 2011 466 2066 21.
494 2021 526 2064 at
551 2029 603 2083 ego
623 2011 708 2066 suasi.
742 2009 860 2064 'Scilicet
884 2011 908 2062 is
936 2005 1046 2064 animus
1068 2023 1129 2066 eret

154 2097 293 2160 Milonis,
311 2107 341 2148 ut
361 2095 493 2166 prodesse
509 2095 676 2167 reipublicae
691 2099 750 2150 sine
760 2113 874 2149 suasore
891 2113 946 2147 non
958 2109 1067 2166 posset.
1087 2099 1137 2168 Ar

156 2183 279 2236 laetatus
297 2197 366 2235 sunt.
407 2181 485 2256 Quid
503 2181 592 2254 ergo?
622 2183 655 2234 In
674 2185 759 2232 tuntd
773 2180 882 2238 laetitia
903 2191 1016 2234 cunctae
1032 2184 1129 2260 civita-

156 2273 193 2322 tis
212 2289 254 2322 me
271 2285 355 2320 unum
372 2267 478 2318 tristem
497 2284 557 2319 esse
575 2263 730 2335 oportebat.
764 2267 848 2314 Antea
869 2265 985 2340 dixerat:
1009 2271 1129 2322 suasisse

155 2374 190 2407 ne
209 2371 239 2406 ta
259 2351 368 2424 quidem
393 2350 471 2404 elicis·
507 2353 594 2413 Quare
612 2351 707 2402 maiori
724 2349 750 2401 vi
768 2349 969 2420 interponuntur
999 2353 1078 2406 verba
1095 2353 1127 2406 at

155 2455 207 2509 ego
225 2441 310 2491 suasi.
328 2435 346 2486 i.
364 2454 386 2486 e.
404 2423 530 2504 ponamui
547 2452 588 2487 me
608 2437 727 2486 suasisse.

157 2609 160 2616 .
189 2541 222 2592 de
239 2542 300 2592 Div.
318 2539 353 2602 2,
373 2539 424 2604 29,
444 2539 488 2590 62.
510 2553 562 2608 ego
589 2549 681 2590 tamen
700 2541 800 2606 miror,
826 2543 852 2596 si
875 2540 985 2594 emissio
997 2534 1127 2608 feminas

152 2627 256 2696 anguis
272 2638 387 2677 mortem
405 2623 544 2696 afferebat
568 2623 612 2678 Ti·
634 2622 777 2689 Graccho,
798 2631 908 2680 emissio
930 2635 1023 2676 autent
1044 2629 1127 2678 uraris

133 2775 135 2780 Ι
151 2714 253 2782 anguis
272 2721 331 2762 erat
342 2697 498 2777 mortifera
522 2709 748 2774 Corneliae‚·car
765 2710 928 2763 alterutram
946 2713 1075 2763 emiserit.
1092 2739 1128 2752 ι-

62 2786 68 2797 ’
152 2820 188 2836 -·
210 2797 250 2847 At
270 2812 343 2850 mors
364 2795 509 2863 insequuta
534 2792 690 2848 Gracchum
709 2805 766 2846 ests
801 2794 905 2846 Caussa
922 2794 1050 2866 quidem,
1074 2815 1128 2851 cre.

154 2879 211 2941 do,
230 2878 329 2948 aliqua
345 2875 434 2931 morbi
451 2881 607 2948 gravioris,
626 2897 684 2930 non
698 2880 842 2932 emissione
863 2881 1005 2948 serpentis.
1040 2881 1066 2942 2,
1083 2881 1127 2945 81,

151 2963 196 3014 67.
213 2963 246 3026 2,
263 2962 315 3025 32,
335 2964 377 3016 69.
401 2965 429 3014 iu
453 2965 545 3031 quibus
569 2963 634 3014 locis
654 2981 707 3013 non
719 2964 858 3029 sigillatim
877 2965 1015 3032 respicitur
1032 2967 1065 3016 ud
1082 2967 1127 3016 lo-

153 3067 199 3100 cos
221 3049 253 3112 1,
274 3049 315 3103 18.
344 3049 375 3113 1,
402 3044 445 3100 34.
472 3048 519 3098 sed
542 3059 777 3099 commemorentur
802 3067 845 3100 res
873 3060 1003 3116 tamquam
1023 3051 1128 3102 aliunde

152 3135 283 3201 cognitae.
317 3136 410 3186 Horat.
436 3137 487 3184 Sat.
514 3133 543 3199 1,
571 3133 606 3198 2,
636 3132 677 3183 18.
699 3144 730 3185 at
747 3137 775 3186 in
794 3153 823 3188 se
842 3152 894 3204 pro
913 3143 1029 3204 quaestu
1057 3153 1129 3196 suns·

150 3232 232 3291 ptum
258 3215 339 3290 facit
371 3218 423 3274 bic.
478 3218 542 3273 Vir
560 3217 798 3289 credere-possis,
825 3237 907 3293 quam
931 3217 985 3273 sibi
1012 3221 1128 3273 nonsit
1208 3263 1210 3268 .

153 3324 268 3358 anricus.

179 3391 349 3462 ‘Carendnnp
362 3401 419 3453 eet,
445 3407 479 3440 ne
499 3387 744 3455 interpretationem
767 3388 887 3440 vocabuli
908 3384 1027 3458 freilielr
1049 3390 1128 3442 adhi-

155 3475 261 3532 beamus
280 3477 307 3526 in
325 3479 391 3528 locis
416 3476 493 3527 aliter
510 3473 690 3525 conformetis,
725 3472 813 3524 Veluti
836 3473 889 3524 Cic.
907 3475 940 3524 de
957 3475 1065 3541 Lean,
1086 3475 1128 3534 18.

153 3559 197 3612 45.
215 3580 231 3613 o
250 3563 348 3616 miram
361 3564 543 3622 'mensorium
565 3559 718 3625 Pomponi,
739 3567 824 3610 tuam.
841 3569 871 3610 at
890 3555 959 3617 utili
977 3561 1032 3612 ista
1059 3545 1130 3616 exci-

153 3643 270 3698 derant·
288 3645 377 3707 ⁵antl
394 3645 566 3719 reddiderunt
577 3639 696 3713 frailiclr
715 3645 784 3696 mir:
812 3631 956 3697 astantem
977 3631 1129 3695 vertendum

55 3795 58 3803 1
154 3735 208 3784 mir
226 3731 361 3806 elagegen.

166 3837 198 3896 4.
237 3834 325 3896 Haec
349 3830 511 3905 obiectio,
535 3829 602 3892 sive
619 3849 730 3892 avaro
755 3827 978 3916 obloquutora
998 3827 1128 3910 iniecta,
1152 3845 1154 3849 '

77 3919 151 3984 aive
181 3917 221 3982 ab
254 3917 351 3997 ficto,
397 3937 494 4003 saepe
530 3915 651 3978 iterum
684 3916 876 4002 reprimitur
911 3923 944 3977 et
974 3915 1133 4003 capium-¹

75 4017 138 4067 tur
160 4005 221 4067 alia
246 4005 406 4068 contraria
436 4001 614 4079 sententia,
646 4021 728 4085 quae
748 4011 803 4066 aut
821 3998 1017 4087 simpliciter
1030 3999 1128 4063 effer-

51 4102 157 4171 tur,
199 4099 255 4152 aut
281 4112 341 4177 per
364 4085 537 4174 particulas
565 4107 658 4157 aero,
686 4097 755 4164 ἀι,
791 4086 868 4166 sed,
905 4085 1128 4168 coniungitur.
1208 4121 1209 4128 .

77 4175 196 4242 Etiam
211 4186 244 4240 ct
258 4175 396 4265 ponitur
419 4175 454 4239 in
476 4171 576 4239 altera
599 4175 776 4254 sententia,
809 4182 849 4235 et·
863 4189 960 4257 saepe
982 4173 1130 4280 sequitur
