<?xml version="1.0" encoding="UTF-8"?>
<!DOCTYPE html PUBLIC "-//W3C//DTD XHTML 1.0 Transitional//EN"
    "http://www.w3.org/TR/xhtml1/DTD/xhtml1-transitional.dtd">
<html xmlns="http://www.w3.org/1999/xhtml" xml:lang="en" lang="en">
 <head>
  <title>
</title>
<meta http-equiv="Content-Type" content="text/html;charset=utf-8" />
  <meta name='ocr-system' content='tesseract 3.04.00' />
  <meta name='ocr-capabilities' content='ocr_page ocr_carea ocr_par ocr_line ocrx_word'/>
</head>
<body>
  <div class='ocr_page' id='page_1' title='image "./ferdinandihandi00torsgoog_0208.png"; bbox 0 0 2784 4746; ppageno 0'>
   <div class='ocr_carea' id='block_1_1' title="bbox 211 256 997 394">
    <p class='ocr_par' dir='ltr' id='par_1_1' title="bbox 211 256 997 394">
     <span class='ocr_line' id='line_1_1' title="bbox 211 256 997 394; baseline -0.014 -13"><span class='ocrx_word' id='word_1_1' title='bbox 211 256 275 394; x_wconf 68' lang='lat' dir='ltr'><strong>iuo</strong></span> <span class='ocrx_word' id='word_1_2' title='bbox 358 342 364 367; x_wconf 69' lang='lat'><strong>.</strong></span> <span class='ocrx_word' id='word_1_3' title='bbox 478 267 737 388; x_wconf 51' lang='lat' dir='ltr'><strong>iuvenum-2</strong></span> <span class='ocrx_word' id='word_1_4' title='bbox 757 303 997 374; x_wconf 72' lang='lat' dir='ltr'><strong>munusve.</strong></span> 
     </span>
    </p>
   </div>
   <div class='ocr_carea' id='block_1_2' title="bbox 279 450 1262 605">
    <p class='ocr_par' dir='ltr' id='par_1_2' title="bbox 279 450 1262 605">
     <span class='ocr_line' id='line_1_2' title="bbox 280 450 1262 558; baseline -0.006 -38"><span class='ocrx_word' id='word_1_5' title='bbox 280 468 402 540; x_wconf 82' lang='lat' dir='ltr'><strong>patiens.</strong></span> <span class='ocrx_word' id='word_1_6' title='bbox 419 463 551 558; x_wconf 65' lang='lat' dir='ltr'><strong>Phaedrae</strong></span> <span class='ocrx_word' id='word_1_7' title='bbox 569 461 601 529; x_wconf 85' lang='grc'><strong>5,</strong></span> <span class='ocrx_word' id='word_1_8' title='bbox 619 462 708 530; x_wconf 88' lang='grc'><strong>10,1.</strong></span> <span class='ocrx_word' id='word_1_9' title='bbox 725 460 859 518; x_wconf 78' lang='lat' dir='ltr'><strong>adversus</strong></span> <span class='ocrx_word' id='word_1_10' title='bbox 872 476 966 516; x_wconf 84' lang='lat' dir='ltr'><strong>omnes</strong></span> <span class='ocrx_word' id='word_1_11' title='bbox 974 454 1069 530; x_wconf 77' lang='lat' dir='ltr'><strong>fortis</strong></span> <span class='ocrx_word' id='word_1_12' title='bbox 1086 450 1203 514; x_wconf 69' lang='lat' dir='ltr'><strong>usioses·</strong></span> <span class='ocrx_word' id='word_1_13' title='bbox 1213 451 1262 528; x_wconf 73' lang='lat' dir='ltr'><strong>fe·</strong></span> 
     </span>
     <span class='ocr_line' id='line_1_3' title="bbox 279 567 1204 605; baseline -0.009 0"><span class='ocrx_word' id='word_1_14' title='bbox 279 570 326 605; x_wconf 86' lang='lat' dir='ltr'><strong>ras</strong></span> <span class='ocrx_word' id='word_1_15' title='bbox 342 567 427 604; x_wconf 74' lang='lat' dir='ltr'><strong>canes.</strong></span> <span class='ocrx_word' id='word_1_16' title='bbox 1197 569 1204 578; x_wconf 55' lang='grc'><strong>’-</strong></span> 
     </span>
    </p>
   </div>
   <div class='ocr_carea' id='block_1_3' title="bbox 162 642 1323 821">
    <p class='ocr_par' dir='ltr' id='par_1_3' title="bbox 162 642 1323 821">
     <span class='ocr_line' id='line_1_4' title="bbox 295 642 1262 736; baseline -0.012 -18"><span class='ocrx_word' id='word_1_17' title='bbox 295 649 416 718; x_wconf 84' lang='lat' dir='ltr'><strong>Medici</strong></span> <span class='ocrx_word' id='word_1_18' title='bbox 433 653 594 736; x_wconf 82' lang='lat' dir='ltr'><strong>usurpant</strong></span> <span class='ocrx_word' id='word_1_19' title='bbox 618 649 659 713; x_wconf 92' lang='lat' dir='ltr'><strong>de</strong></span> <span class='ocrx_word' id='word_1_20' title='bbox 681 647 835 712; x_wconf 83' lang='lat' dir='ltr'><strong>remediis</strong></span> <span class='ocrx_word' id='word_1_21' title='bbox 859 655 976 710; x_wconf 84' lang='lat' dir='ltr'><strong>oontro</strong></span> <span class='ocrx_word' id='word_1_22' title='bbox 997 645 1137 710; x_wconf 81' lang='lat' dir='ltr'>morbos</span> <span class='ocrx_word' id='word_1_23' title='bbox 1162 642 1262 708; x_wconf 83' lang='lat' dir='ltr'><strong>adhi-</strong></span> 
     </span>
     <span class='ocr_line' id='line_1_5' title="bbox 162 728 1323 821; baseline -0.012 -14"><span class='ocrx_word' id='word_1_24' title='bbox 162 792 163 796; x_wconf 65' lang='lat'>,</span> <span class='ocrx_word' id='word_1_25' title='bbox 213 739 347 817; x_wconf 82' lang='lat' dir='ltr'><strong>bondis,</strong></span> <span class='ocrx_word' id='word_1_26' title='bbox 368 737 423 800; x_wconf 84' lang='lat' dir='ltr'><strong>olii</strong></span> <span class='ocrx_word' id='word_1_27' title='bbox 436 736 534 801; x_wconf 84' lang='lat' dir='ltr'><strong>etiam</strong></span> <span class='ocrx_word' id='word_1_28' title='bbox 556 735 591 798; x_wconf 91' lang='lat' dir='ltr'><strong>iu</strong></span> <span class='ocrx_word' id='word_1_29' title='bbox 610 733 816 821; x_wconf 80' lang='lat' dir='ltr'>metaphoris</span> <span class='ocrx_word' id='word_1_30' title='bbox 838 731 881 796; x_wconf 88' lang='lat' dir='ltr'><strong>nd</strong></span> <span class='ocrx_word' id='word_1_31' title='bbox 907 729 993 796; x_wconf 84' lang='lat' dir='ltr'><strong>huno</strong></span> <span class='ocrx_word' id='word_1_32' title='bbox 1017 731 1183 808; x_wconf 73' lang='lat' dir='ltr'><strong>rationem</strong></span> <span class='ocrx_word' id='word_1_33' title='bbox 1207 728 1262 794; x_wconf 84' lang='lat' dir='ltr'><strong>el·</strong></span> <span class='ocrx_word' id='word_1_34' title='bbox 1321 746 1323 750; x_wconf 83' lang='grc'><strong>’</strong></span> 
     </span>
    </p>
   </div>
   <div class='ocr_carea' id='block_1_4' title="bbox 180 827 1264 976">
    <p class='ocr_par' dir='ltr' id='par_1_4' title="bbox 180 827 1264 976">
     <span class='ocr_line' id='line_1_6' title="bbox 180 827 1264 976; baseline 0.025 -49"><span class='ocrx_word' id='word_1_35' title='bbox 180 919 183 927; x_wconf 82' lang='grc'><strong>,</strong></span> <span class='ocrx_word' id='word_1_36' title='bbox 214 827 409 964; x_wconf 46' lang='lat' dir='ltr'><strong>somma,</strong></span> <span class='ocrx_word' id='word_1_37' title='bbox 427 876 462 969; x_wconf 64' lang='lat'><strong>3,</strong></span> <span class='ocrx_word' id='word_1_38' title='bbox 488 905 539 967; x_wconf 76' lang='lat'><strong>26,</strong></span> <span class='ocrx_word' id='word_1_39' title='bbox 561 905 605 958; x_wconf 74' lang='lat'><strong>22.</strong></span> <span class='ocrx_word' id='word_1_40' title='bbox 630 917 658 960; x_wconf 79' lang='lat' dir='ltr'><strong>et</strong></span> <span class='ocrx_word' id='word_1_41' title='bbox 675 905 808 958; x_wconf 83' lang='lat' dir='ltr'><strong>adversus</strong></span> <span class='ocrx_word' id='word_1_42' title='bbox 830 898 1025 976; x_wconf 78' lang='lat' dir='ltr'><strong><em>profusionem</em></strong></span> <span class='ocrx_word' id='word_1_43' title='bbox 1043 902 1158 975; x_wconf 77' lang='lat' dir='ltr'><strong>quidem</strong></span> <span class='ocrx_word' id='word_1_44' title='bbox 1175 905 1204 956; x_wconf 76' lang='lat' dir='ltr'><strong>in</strong></span> <span class='ocrx_word' id='word_1_45' title='bbox 1219 900 1264 956; x_wconf 75' lang='lat' dir='ltr'><strong>tis</strong></span> 
     </span>
    </p>
   </div>
   <div class='ocr_carea' id='block_1_5' title="bbox 280 989 1265 1570">
    <p class='ocr_par' dir='ltr' id='par_1_5' title="bbox 280 989 1265 1570">
     <span class='ocr_line' id='line_1_7' title="bbox 280 989 1264 1066; baseline -0.008 -18"><span class='ocrx_word' id='word_1_46' title='bbox 280 992 419 1066; x_wconf 84' lang='lat' dir='ltr'><strong>auxilium</strong></span> <span class='ocrx_word' id='word_1_47' title='bbox 434 1002 493 1046; x_wconf 85' lang='lat' dir='ltr'><strong>ests</strong></span> <span class='ocrx_word' id='word_1_48' title='bbox 510 991 642 1044; x_wconf 81' lang='lat' dir='ltr'><strong>aduersus</strong></span> <span class='ocrx_word' id='word_1_49' title='bbox 653 989 902 1060; x_wconf 79' lang='lat' dir='ltr'><strong>inflammationem</strong></span> <span class='ocrx_word' id='word_1_50' title='bbox 918 997 1009 1058; x_wconf 72' lang='lat' dir='ltr'><strong>autem</strong></span> <span class='ocrx_word' id='word_1_51' title='bbox 1024 990 1053 1041; x_wconf 84' lang='lat' dir='ltr'><strong>irs</strong></span> <span class='ocrx_word' id='word_1_52' title='bbox 1071 989 1133 1057; x_wconf 89' lang='lat' dir='ltr'><strong>ipso</strong></span> <span class='ocrx_word' id='word_1_53' title='bbox 1150 989 1264 1057; x_wconf 81' lang='lat' dir='ltr'><strong>sangui·</strong></span> 
     </span>
     <span class='ocr_line' id='line_1_8' title="bbox 283 1064 1262 1140; baseline -0.011 -7"><span class='ocrx_word' id='word_1_54' title='bbox 283 1064 441 1134; x_wconf 56' lang='lat' dir='ltr'><strong>etsicursu.</strong></span> <span class='ocrx_word' id='word_1_55' title='bbox 467 1073 499 1140; x_wconf 90' lang='grc'><strong>5,</strong></span> <span class='ocrx_word' id='word_1_56' title='bbox 515 1074 566 1139; x_wconf 90' lang='grc'><strong>26,</strong></span> <span class='ocrx_word' id='word_1_57' title='bbox 592 1074 635 1129; x_wconf 80' lang='grc'><strong>34.</strong></span> <span class='ocrx_word' id='word_1_58' title='bbox 662 1075 694 1140; x_wconf 97' lang='grc'><strong>5,</strong></span> <span class='ocrx_word' id='word_1_59' title='bbox 719 1075 770 1138; x_wconf 88' lang='grc'><strong>27,</strong></span> <span class='ocrx_word' id='word_1_60' title='bbox 797 1073 823 1125; x_wconf 83' lang='grc'><strong>4.</strong></span> <span class='ocrx_word' id='word_1_61' title='bbox 842 1074 927 1125; x_wconf 84' lang='lat' dir='ltr'><strong>Tacit.</strong></span> <span class='ocrx_word' id='word_1_62' title='bbox 948 1077 1015 1124; x_wconf 80' lang='lat' dir='ltr'><strong>Anu.</strong></span> <span class='ocrx_word' id='word_1_63' title='bbox 1034 1069 1083 1135; x_wconf 86' lang='grc'><strong>15,</strong></span> <span class='ocrx_word' id='word_1_64' title='bbox 1101 1069 1144 1124; x_wconf 83' lang='grc'><strong>64.</strong></span> <span class='ocrx_word' id='word_1_65' title='bbox 1165 1071 1262 1123; x_wconf 81' lang='lat' dir='ltr'><strong>clauso</strong></span> 
     </span>
     <span class='ocr_line' id='line_1_9' title="bbox 283 1153 1265 1234; baseline -0.011 -16"><span class='ocrx_word' id='word_1_66' title='bbox 283 1181 399 1234; x_wconf 82' lang='lat' dir='ltr'><strong>corpore</strong></span> <span class='ocrx_word' id='word_1_67' title='bbox 414 1159 561 1213; x_wconf 81' lang='lat' dir='ltr'><strong>adversum</strong></span> <span class='ocrx_word' id='word_1_68' title='bbox 573 1163 629 1214; x_wconf 87' lang='lat' dir='ltr'><strong>vim</strong></span> <span class='ocrx_word' id='word_1_69' title='bbox 646 1163 753 1214; x_wconf 81' lang='lat' dir='ltr'><strong>veneni.</strong></span> <span class='ocrx_word' id='word_1_70' title='bbox 778 1159 905 1211; x_wconf 84' lang='lat' dir='ltr'><strong>Similiter</strong></span> <span class='ocrx_word' id='word_1_71' title='bbox 927 1159 996 1210; x_wconf 87' lang='lat' dir='ltr'><strong>Plin.</strong></span> <span class='ocrx_word' id='word_1_72' title='bbox 1014 1158 1098 1226; x_wconf 86' lang='lat' dir='ltr'><strong>Epist.</strong></span> <span class='ocrx_word' id='word_1_73' title='bbox 1113 1156 1149 1219; x_wconf 96' lang='grc'><strong>2,</strong></span> <span class='ocrx_word' id='word_1_74' title='bbox 1169 1155 1219 1219; x_wconf 87' lang='grc'><strong>17,</strong></span> <span class='ocrx_word' id='word_1_75' title='bbox 1237 1153 1265 1207; x_wconf 86' lang='grc'><strong>4.</strong></span> 
     </span>
     <span class='ocr_line' id='line_1_10' title="bbox 284 1241 1265 1319; baseline -0.011 -17"><span class='ocrx_word' id='word_1_76' title='bbox 284 1251 424 1319; x_wconf 79' lang='lat' dir='ltr'><strong>egregium</strong></span> <span class='ocrx_word' id='word_1_77' title='bbox 443 1244 495 1298; x_wconf 81' lang='lat' dir='ltr'><strong>hae</strong></span> <span class='ocrx_word' id='word_1_78' title='bbox 515 1244 660 1300; x_wconf 83' lang='lat' dir='ltr'><strong>adversum</strong></span> <span class='ocrx_word' id='word_1_79' title='bbox 682 1254 859 1312; x_wconf 80' lang='lat' dir='ltr'><strong>serupostates</strong></span> <span class='ocrx_word' id='word_1_80' title='bbox 879 1241 1093 1312; x_wconf 78' lang='lat' dir='ltr'><strong>receptaculum.</strong></span> <span class='ocrx_word' id='word_1_81' title='bbox 1116 1242 1161 1292; x_wconf 89' lang='lat' dir='ltr'><strong>ubi</strong></span> <span class='ocrx_word' id='word_1_82' title='bbox 1183 1242 1265 1292; x_wconf 81' lang='lat' dir='ltr'><strong>etiam</strong></span> 
     </span>
     <span class='ocr_line' id='line_1_11' title="bbox 289 1320 1264 1397; baseline -0.006 -13"><span class='ocrx_word' id='word_1_83' title='bbox 289 1332 373 1384; x_wconf 88' lang='lat' dir='ltr'><strong>codex</strong></span> <span class='ocrx_word' id='word_1_84' title='bbox 389 1330 523 1397; x_wconf 82' lang='lat' dir='ltr'><strong>Prugensis</strong></span> <span class='ocrx_word' id='word_1_85' title='bbox 539 1331 639 1382; x_wconf 87' lang='lat' dir='ltr'><strong>omittit</strong></span> <span class='ocrx_word' id='word_1_86' title='bbox 654 1329 720 1382; x_wconf 90' lang='lat' dir='ltr'><strong>illud</strong></span> <span class='ocrx_word' id='word_1_87' title='bbox 733 1320 858 1380; x_wconf 82' lang='lat' dir='ltr'><strong>absonum</strong></span> <span class='ocrx_word' id='word_1_88' title='bbox 871 1326 931 1383; x_wconf 78' lang='lat' dir='ltr'><strong>liae.</strong></span> <span class='ocrx_word' id='word_1_89' title='bbox 949 1327 999 1392; x_wconf 87' lang='grc'><strong>15,</strong></span> <span class='ocrx_word' id='word_1_90' title='bbox 1012 1326 1059 1382; x_wconf 77' lang='grc'><strong>36.</strong></span> <span class='ocrx_word' id='word_1_91' title='bbox 1076 1328 1150 1380; x_wconf 84' lang='lat' dir='ltr'><strong>sueti</strong></span> <span class='ocrx_word' id='word_1_92' title='bbox 1165 1325 1264 1379; x_wconf 81' lang='lat' dir='ltr'><strong>aduer-</strong></span> 
     </span>
     <span class='ocr_line' id='line_1_12' title="bbox 284 1409 1262 1487; baseline -0.006 -17"><span class='ocrx_word' id='word_1_93' title='bbox 284 1411 479 1486; x_wconf 83' lang='lat' dir='ltr'><strong>suntfortuita</strong></span> <span class='ocrx_word' id='word_1_94' title='bbox 494 1414 630 1484; x_wconf 81' lang='lat' dir='ltr'><strong>adspectu</strong></span> <span class='ocrx_word' id='word_1_95' title='bbox 644 1416 779 1487; x_wconf 80' lang='lat' dir='ltr'><strong>principis</strong></span> <span class='ocrx_word' id='word_1_96' title='bbox 793 1409 925 1484; x_wconf 77' lang='lat' dir='ltr'><strong>refoveri.</strong></span> <span class='ocrx_word' id='word_1_97' title='bbox 945 1415 964 1466; x_wconf 90' lang='lat' dir='ltr'><strong>i.</strong></span> <span class='ocrx_word' id='word_1_98' title='bbox 982 1431 1006 1466; x_wconf 87' lang='lat' dir='ltr'><strong>e.</strong></span> <span class='ocrx_word' id='word_1_99' title='bbox 1024 1431 1058 1466; x_wconf 86' lang='lat' dir='ltr'><strong>ne</strong></span> <span class='ocrx_word' id='word_1_100' title='bbox 1072 1413 1184 1465; x_wconf 81' lang='lat' dir='ltr'><strong>fortuitu</strong></span> <span class='ocrx_word' id='word_1_101' title='bbox 1200 1414 1262 1464; x_wconf 82' lang='lat' dir='ltr'><strong>eni-</strong></span> 
     </span>
     <span class='ocr_line' id='line_1_13' title="bbox 284 1502 567 1570; baseline -0.011 -16"><span class='ocrx_word' id='word_1_102' title='bbox 284 1521 354 1555; x_wconf 87' lang='lat' dir='ltr'><strong>mum</strong></span> <span class='ocrx_word' id='word_1_103' title='bbox 368 1502 567 1570; x_wconf 76' lang='lat' dir='ltr'><strong>supprimerent.</strong></span> 
     </span>
    </p>
   </div>
   <div class='ocr_carea' id='block_1_6' title="bbox 216 1599 1262 1784">
    <p class='ocr_par' dir='ltr' id='par_1_6' title="bbox 216 1599 1262 1784">
     <span class='ocr_line' id='line_1_14' title="bbox 298 1599 1262 1750; baseline -0.006 -80"><span class='ocrx_word' id='word_1_104' title='bbox 298 1610 331 1670; x_wconf 83' lang='lat'><strong>7.</strong></span> <span class='ocrx_word' id='word_1_105' title='bbox 359 1604 398 1670; x_wconf 90' lang='lat'><strong>111</strong></span> <span class='ocrx_word' id='word_1_106' title='bbox 425 1603 549 1666; x_wconf 82' lang='lat' dir='ltr'><strong>bonam</strong></span> <span class='ocrx_word' id='word_1_107' title='bbox 575 1613 704 1689; x_wconf 86' lang='lat' dir='ltr'><strong>partem</strong></span> <span class='ocrx_word' id='word_1_108' title='bbox 728 1601 888 1750; x_wconf 61' lang='lat' dir='ltr'><strong>accipitur</strong></span> <span class='ocrx_word' id='word_1_109' title='bbox 904 1599 944 1664; x_wconf 93' lang='lat' dir='ltr'><strong>de</strong></span> <span class='ocrx_word' id='word_1_110' title='bbox 966 1621 1003 1666; x_wconf 87' lang='lat' dir='ltr'><strong>re</strong></span> <span class='ocrx_word' id='word_1_111' title='bbox 1026 1621 1102 1688; x_wconf 83' lang='lat' dir='ltr'><strong>orgo</strong></span> <span class='ocrx_word' id='word_1_112' title='bbox 1117 1599 1262 1687; x_wconf 79' lang='lat' dir='ltr'><strong>aliquem</strong></span> 
     </span>
     <span class='ocr_line' id='line_1_15' title="bbox 216 1685 1262 1784; baseline -0.007 -28"><span class='ocrx_word' id='word_1_113' title='bbox 216 1691 373 1756; x_wconf 86' lang='lat' dir='ltr'><strong>benevolo</strong></span> <span class='ocrx_word' id='word_1_114' title='bbox 403 1699 500 1784; x_wconf 81' lang='lat' dir='ltr'><strong>atque</strong></span> <span class='ocrx_word' id='word_1_115' title='bbox 526 1685 677 1753; x_wconf 85' lang='lat' dir='ltr'><strong>officiose</strong></span> <span class='ocrx_word' id='word_1_116' title='bbox 701 1711 781 1774; x_wconf 84' lang='lat' dir='ltr'><strong>agen</strong></span> <span class='ocrx_word' id='word_1_117' title='bbox 808 1711 843 1768; x_wconf 83' lang='lat' dir='ltr'><strong>o,</strong></span> <span class='ocrx_word' id='word_1_118' title='bbox 881 1685 982 1750; x_wconf 79' lang='lat' dir='ltr'><strong>veluti</strong></span> <span class='ocrx_word' id='word_1_119' title='bbox 1007 1685 1047 1750; x_wconf 90' lang='lat' dir='ltr'><strong>de</strong></span> <span class='ocrx_word' id='word_1_120' title='bbox 1069 1687 1262 1758; x_wconf 81' lang='lat' dir='ltr'><strong>reverentia,</strong></span> 
     </span>
    </p>
   </div>
   <div class='ocr_carea' id='block_1_7' title="bbox 215 1770 1262 2025">
    <p class='ocr_par' dir='ltr' id='par_1_7' title="bbox 215 1770 1262 2030">
     <span class='ocr_line' id='line_1_16' title="bbox 215 1770 1262 1877; baseline -0.006 -37"><span class='ocrx_word' id='word_1_121' title='bbox 215 1779 363 1872; x_wconf 51' lang='lat' dir='ltr'><strong>pientio„</strong></span> <span class='ocrx_word' id='word_1_122' title='bbox 375 1783 489 1877; x_wconf 77' lang='lat' dir='ltr'><strong>grotta,</strong></span> <span class='ocrx_word' id='word_1_123' title='bbox 511 1772 616 1860; x_wconf 86' lang='lat' dir='ltr'><strong>doque</strong></span> <span class='ocrx_word' id='word_1_124' title='bbox 634 1771 748 1836; x_wconf 86' lang='lat' dir='ltr'><strong>officio</strong></span> <span class='ocrx_word' id='word_1_125' title='bbox 766 1770 1262 1868; x_wconf 17' lang='lat' dir='ltr'><strong>etUb&#39;enefioentimvid.Monut.</strong></span> 
     </span>
     <span class='ocr_line' id='line_1_17' title="bbox 216 1853 1262 2025; baseline -0.01 -13"><span class='ocrx_word' id='word_1_126' title='bbox 216 1864 257 2023; x_wconf 68' lang='lat' dir='ltr'><strong>l}</strong></span> <span class='ocrx_word' id='word_1_127' title='bbox 274 1863 341 2025; x_wconf 65' lang='lat' dir='ltr'><strong>‘li‘</strong></span> <span class='ocrx_word' id='word_1_128' title='bbox 360 1855 1000 2021; x_wconf 53' lang='lat' dir='ltr'><strong>iiiiiiieiiliiiiffiffld</strong></span> <span class='ocrx_word' id='word_1_129' title='bbox 1009 1855 1144 2021; x_wconf 50' lang='lat'><strong>1⁰33?</strong></span> <span class='ocrx_word' id='word_1_130' title='bbox 1161 1853 1262 1920; x_wconf 76' lang='lat' dir='ltr'><strong>⁰ffi⁰&#39;</strong></span> 
     </span>
    </p>
   </div>
   <div class='ocr_carea' id='block_1_8' title="bbox 84 2046 1376 4095">
    <p class='ocr_par' dir='ltr' id='par_1_8' title="bbox 84 2046 1376 4095">
     <span class='ocr_line' id='line_1_18' title="bbox 217 2046 1376 2126; baseline -0.003 -10"><span class='ocrx_word' id='word_1_131' title='bbox 217 2046 220 2061; x_wconf 46' lang='grc' dir='ltr'>Ι</span> <span class='ocrx_word' id='word_1_132' title='bbox 322 2065 376 2116; x_wconf 82' lang='lat' dir='ltr'><strong>Cic.</strong></span> <span class='ocrx_word' id='word_1_133' title='bbox 393 2061 426 2114; x_wconf 85' lang='lat' dir='ltr'><strong>do</strong></span> <span class='ocrx_word' id='word_1_134' title='bbox 443 2064 505 2116; x_wconf 83' lang='lat' dir='ltr'><strong>Nat.</strong></span> <span class='ocrx_word' id='word_1_135' title='bbox 524 2060 550 2114; x_wconf 85' lang='lat' dir='ltr'><strong>d.</strong></span> <span class='ocrx_word' id='word_1_136' title='bbox 566 2061 599 2124; x_wconf 84' lang='lat'><strong>1,</strong></span> <span class='ocrx_word' id='word_1_137' title='bbox 615 2059 648 2114; x_wconf 80' lang='lat'><strong>41</strong></span> <span class='ocrx_word' id='word_1_138' title='bbox 656 2099 666 2126; x_wconf 88' lang='grc'><strong>,</strong></span> <span class='ocrx_word' id='word_1_139' title='bbox 685 2061 745 2114; x_wconf 87' lang='grc'><strong>116.</strong></span> <span class='ocrx_word' id='word_1_140' title='bbox 765 2071 808 2115; x_wconf 87' lang='lat' dir='ltr'><strong>est</strong></span> <span class='ocrx_word' id='word_1_141' title='bbox 823 2062 895 2114; x_wconf 84' lang='lat' dir='ltr'><strong>enim</strong></span> <span class='ocrx_word' id='word_1_142' title='bbox 918 2063 1014 2126; x_wconf 81' lang='lat' dir='ltr'><strong>pietas</strong></span> <span class='ocrx_word' id='word_1_143' title='bbox 1035 2063 1145 2117; x_wconf 85' lang='lat' dir='ltr'><strong>iustitia</strong></span> <span class='ocrx_word' id='word_1_144' title='bbox 1166 2060 1264 2114; x_wconf 76' lang='lat' dir='ltr'><strong>adver·</strong></span> <span class='ocrx_word' id='word_1_145' title='bbox 1375 2059 1376 2062; x_wconf 69' lang='grc'>’</span> 
     </span>
     <span class='ocr_line' id='line_1_19' title="bbox 157 2141 1376 2225; baseline -0.008 -19"><span class='ocrx_word' id='word_1_146' title='bbox 157 2151 160 2167; x_wconf 82' lang='grc'><strong><em>’</em></strong></span> <span class='ocrx_word' id='word_1_147' title='bbox 258 2187 260 2194; x_wconf 89' lang='grc'>-</span> <span class='ocrx_word' id='word_1_148' title='bbox 283 2169 345 2206; x_wconf 88' lang='lat' dir='ltr'><strong>sum</strong></span> <span class='ocrx_word' id='word_1_149' title='bbox 359 2149 435 2202; x_wconf 82' lang='lat' dir='ltr'><strong>deos.</strong></span> <span class='ocrx_word' id='word_1_150' title='bbox 451 2148 485 2199; x_wconf 87' lang='lat' dir='ltr'><strong>de</strong></span> <span class='ocrx_word' id='word_1_151' title='bbox 501 2148 552 2200; x_wconf 84' lang='lat' dir='ltr'><strong>Off.</strong></span> <span class='ocrx_word' id='word_1_152' title='bbox 567 2147 600 2212; x_wconf 89' lang='grc'><strong>3,</strong></span> <span class='ocrx_word' id='word_1_153' title='bbox 616 2146 648 2211; x_wconf 90' lang='grc'><strong>6,</strong></span> <span class='ocrx_word' id='word_1_154' title='bbox 665 2147 709 2200; x_wconf 89' lang='grc'><strong>28.</strong></span> <span class='ocrx_word' id='word_1_155' title='bbox 728 2166 799 2219; x_wconf 83' lang='lat' dir='ltr'><strong>quas</strong></span> <span class='ocrx_word' id='word_1_156' title='bbox 822 2141 869 2218; x_wconf 78' lang='lat' dir='ltr'><strong>q&#39;ui</strong></span> <span class='ocrx_word' id='word_1_157' title='bbox 884 2145 1008 2208; x_wconf 75' lang='lat' dir='ltr'><strong>tollunt„</strong></span> <span class='ocrx_word' id='word_1_158' title='bbox 1030 2147 1113 2200; x_wconf 84' lang='lat' dir='ltr'><strong>etiam</strong></span> <span class='ocrx_word' id='word_1_159' title='bbox 1129 2147 1265 2225; x_wconf 57' lang='lat' dir='ltr'><strong>arioprsus</strong></span> <span class='ocrx_word' id='word_1_160' title='bbox 1375 2165 1376 2196; x_wconf 69' lang='grc'>;</span> 
     </span>
     <span class='ocr_line' id='line_1_20' title="bbox 286 2231 1376 2304; baseline -0.009 -13"><span class='ocrx_word' id='word_1_161' title='bbox 286 2237 353 2290; x_wconf 79' lang='lat' dir='ltr'><strong>deos</strong></span> <span class='ocrx_word' id='word_1_162' title='bbox 370 2232 534 2288; x_wconf 78' lang='lat' dir='ltr'><strong>inimortalis</strong></span> <span class='ocrx_word' id='word_1_163' title='bbox 549 2235 629 2304; x_wconf 88' lang='lat' dir='ltr'><strong>impii</strong></span> <span class='ocrx_word' id='word_1_164' title='bbox 649 2231 793 2287; x_wconf 82' lang='lat' dir='ltr'><strong>iudicandi</strong></span> <span class='ocrx_word' id='word_1_165' title='bbox 817 2242 899 2302; x_wconf 72' lang='lat' dir='ltr'><strong>suut.</strong></span> <span class='ocrx_word' id='word_1_166' title='bbox 915 2235 1006 2284; x_wconf 86' lang='lat' dir='ltr'><strong>Seuec.</strong></span> <span class='ocrx_word' id='word_1_167' title='bbox 1029 2233 1108 2284; x_wconf 85' lang='lat' dir='ltr'><strong>Cous.</strong></span> <span class='ocrx_word' id='word_1_168' title='bbox 1126 2232 1160 2292; x_wconf 74' lang='lat' dir='ltr'><strong>ud</strong></span> <span class='ocrx_word' id='word_1_169' title='bbox 1172 2232 1263 2301; x_wconf 87' lang='lat' dir='ltr'><strong>Polyb.</strong></span> <span class='ocrx_word' id='word_1_170' title='bbox 1375 2243 1376 2248; x_wconf 75' lang='grc'>’</span> 
     </span>
     <span class='ocr_line' id='line_1_21' title="bbox 233 2315 1264 2390; baseline -0.004 -20"><span class='ocrx_word' id='word_1_171' title='bbox 233 2364 239 2370; x_wconf 94' lang='grc'><strong>.</strong></span> <span class='ocrx_word' id='word_1_172' title='bbox 286 2321 330 2378; x_wconf 77' lang='grc'><strong>26.</strong></span> <span class='ocrx_word' id='word_1_173' title='bbox 359 2319 492 2374; x_wconf 82' lang='lat' dir='ltr'><strong>aduersus</strong></span> <span class='ocrx_word' id='word_1_174' title='bbox 506 2315 680 2390; x_wconf 74' lang='lat' dir='ltr'><strong>felicitatem</strong></span> <span class='ocrx_word' id='word_1_175' title='bbox 697 2329 773 2372; x_wconf 86' lang='lat' dir='ltr'><strong>tuam</strong></span> <span class='ocrx_word' id='word_1_176' title='bbox 794 2337 895 2388; x_wconf 87' lang='lat' dir='ltr'><strong>parum</strong></span> <span class='ocrx_word' id='word_1_177' title='bbox 912 2327 1010 2389; x_wconf 79' lang='lat' dir='ltr'><strong>gratus</strong></span> <span class='ocrx_word' id='word_1_178' title='bbox 1031 2335 1068 2378; x_wconf 72' lang='lat' dir='ltr'><strong>es.</strong></span> <span class='ocrx_word' id='word_1_179' title='bbox 1107 2319 1165 2382; x_wconf 88' lang='lat' dir='ltr'><strong>Quo</strong></span> <span class='ocrx_word' id='word_1_180' title='bbox 1188 2335 1264 2368; x_wconf 88' lang='lat' dir='ltr'><strong>seusu</strong></span> 
     </span>
     <span class='ocr_line' id='line_1_22' title="bbox 286 2399 1264 2476; baseline -0.005 -18"><span class='ocrx_word' id='word_1_181' title='bbox 286 2406 408 2458; x_wconf 85' lang='lat' dir='ltr'><strong>nonnulli</strong></span> <span class='ocrx_word' id='word_1_182' title='bbox 430 2404 510 2456; x_wconf 76' lang='lat' dir='ltr'><strong>eiiam</strong></span> <span class='ocrx_word' id='word_1_183' title='bbox 526 2405 613 2456; x_wconf 89' lang='lat' dir='ltr'><strong>locum</strong></span> <span class='ocrx_word' id='word_1_184' title='bbox 633 2405 754 2456; x_wconf 86' lang='lat' dir='ltr'><strong>Terentii</strong></span> <span class='ocrx_word' id='word_1_185' title='bbox 770 2404 854 2455; x_wconf 84' lang='lat' dir='ltr'><strong>Andr.</strong></span> <span class='ocrx_word' id='word_1_186' title='bbox 877 2403 962 2468; x_wconf 89' lang='lat'><strong>1,1‚</strong></span> <span class='ocrx_word' id='word_1_187' title='bbox 984 2399 1025 2476; x_wconf 75' lang='lat'><strong>15.</strong></span> <span class='ocrx_word' id='word_1_188' title='bbox 1053 2403 1094 2463; x_wconf 84' lang='lat' dir='ltr'><strong>de¹</strong></span> <span class='ocrx_word' id='word_1_189' title='bbox 1109 2419 1160 2474; x_wconf 86' lang='lat' dir='ltr'><strong>quo</strong></span> <span class='ocrx_word' id='word_1_190' title='bbox 1186 2419 1264 2471; x_wconf 76' lang='lat' dir='ltr'><strong>supra</strong></span> 
     </span>
     <span class='ocr_line' id='line_1_23' title="bbox 286 2487 1265 2560; baseline -0.004 -18"><span class='ocrx_word' id='word_1_191' title='bbox 286 2491 389 2560; x_wconf 82' lang='lat' dir='ltr'><strong>loquuti</strong></span> <span class='ocrx_word' id='word_1_192' title='bbox 402 2507 487 2540; x_wconf 84' lang='lat' dir='ltr'><strong>sumus</strong></span> <span class='ocrx_word' id='word_1_193' title='bbox 496 2526 504 2553; x_wconf 91' lang='lat'><em>,</em></span> <span class='ocrx_word' id='word_1_194' title='bbox 521 2489 718 2558; x_wconf 80' lang='lat' dir='ltr'><strong>explicuerunt,</strong></span> <span class='ocrx_word' id='word_1_195' title='bbox 745 2489 892 2541; x_wconf 74' lang='lat' dir='ltr'><strong>coniunctis</strong></span> <span class='ocrx_word' id='word_1_196' title='bbox 908 2489 993 2539; x_wconf 83' lang='lat' dir='ltr'><strong>verbis</strong></span> <span class='ocrx_word' id='word_1_197' title='bbox 1012 2487 1158 2542; x_wconf 85' lang='lat' dir='ltr'><strong>aduersum</strong></span> <span class='ocrx_word' id='word_1_198' title='bbox 1174 2499 1201 2540; x_wconf 85' lang='lat' dir='ltr'><strong>te</strong></span> <span class='ocrx_word' id='word_1_199' title='bbox 1216 2487 1265 2539; x_wconf 82' lang='lat' dir='ltr'><strong>ha·</strong></span> 
     </span>
     <span class='ocr_line' id='line_1_24' title="bbox 231 2567 1266 2646; baseline -0.006 -16"><span class='ocrx_word' id='word_1_200' title='bbox 231 2621 234 2630; x_wconf 95' lang='grc'><strong>,</strong></span> <span class='ocrx_word' id='word_1_201' title='bbox 288 2575 339 2630; x_wconf 81' lang='lat' dir='ltr'><strong>lreo</strong></span> <span class='ocrx_word' id='word_1_202' title='bbox 353 2574 484 2646; x_wconf 71' lang='lat' dir='ltr'><strong>gratiam</strong></span> <span class='ocrx_word' id='word_1_203' title='bbox 503 2573 599 2626; x_wconf 86' lang='lat' dir='ltr'><strong>Vellei.</strong></span> <span class='ocrx_word' id='word_1_204' title='bbox 613 2576 671 2626; x_wconf 80' lang='lat' dir='ltr'><strong>Pet.</strong></span> <span class='ocrx_word' id='word_1_205' title='bbox 685 2571 720 2638; x_wconf 89' lang='grc'><strong>2,</strong></span> <span class='ocrx_word' id='word_1_206' title='bbox 744 2570 795 2635; x_wconf 93' lang='grc'><strong>69,</strong></span> <span class='ocrx_word' id='word_1_207' title='bbox 817 2567 841 2624; x_wconf 89' lang='grc'><strong>5.</strong></span> <span class='ocrx_word' id='word_1_208' title='bbox 867 2571 1000 2624; x_wconf 83' lang='lat' dir='ltr'><strong>adversus</strong></span> <span class='ocrx_word' id='word_1_209' title='bbox 1017 2577 1117 2628; x_wconf 83' lang='lat' dir='ltr'><strong>nterita</strong></span> <span class='ocrx_word' id='word_1_210' title='bbox 1135 2576 1266 2645; x_wconf 83' lang='lat' dir='ltr'><strong>ingratis·</strong></span> 
     </span>
     <span class='ocr_line' id='line_1_25' title="bbox 231 2653 1266 2730; baseline -0.008 -14"><span class='ocrx_word' id='word_1_211' title='bbox 231 2709 233 2716; x_wconf 94' lang='lat'><strong>.</strong></span> <span class='ocrx_word' id='word_1_212' title='bbox 286 2663 381 2718; x_wconf 83' lang='lat' dir='ltr'><strong>sinsus.</strong></span> <span class='ocrx_word' id='word_1_213' title='bbox 401 2660 456 2714; x_wconf 80' lang='lat' dir='ltr'><strong>cic.</strong></span> <span class='ocrx_word' id='word_1_214' title='bbox 471 2659 504 2712; x_wconf 88' lang='lat' dir='ltr'><strong>de</strong></span> <span class='ocrx_word' id='word_1_215' title='bbox 520 2659 571 2710; x_wconf 83' lang='lat' dir='ltr'><strong>off.</strong></span> <span class='ocrx_word' id='word_1_216' title='bbox 589 2658 622 2723; x_wconf 88' lang='lat'><strong>1,</strong></span> <span class='ocrx_word' id='word_1_217' title='bbox 640 2657 693 2722; x_wconf 80' lang='grc'><strong>28,</strong></span> <span class='ocrx_word' id='word_1_218' title='bbox 712 2655 756 2709; x_wconf 89' lang='grc'><strong>99.</strong></span> <span class='ocrx_word' id='word_1_219' title='bbox 779 2653 939 2710; x_wconf 73' lang='lat' dir='ltr'><strong>adhibenda</strong></span> <span class='ocrx_word' id='word_1_220' title='bbox 959 2668 1002 2712; x_wconf 87' lang='lat' dir='ltr'><strong>est</strong></span> <span class='ocrx_word' id='word_1_221' title='bbox 1025 2659 1111 2730; x_wconf 80' lang='lat' dir='ltr'><strong>igitur</strong></span> <span class='ocrx_word' id='word_1_222' title='bbox 1128 2657 1266 2730; x_wconf 77' lang='lat' dir='ltr'><strong>quaedam</strong></span> 
     </span>
     <span class='ocr_line' id='line_1_26' title="bbox 288 2741 1265 2816; baseline -0.008 -14"><span class='ocrx_word' id='word_1_223' title='bbox 288 2747 442 2802; x_wconf 79' lang='lat' dir='ltr'><strong>reverentia</strong></span> <span class='ocrx_word' id='word_1_224' title='bbox 467 2743 602 2798; x_wconf 79' lang='lat' dir='ltr'><strong>adversus</strong></span> <span class='ocrx_word' id='word_1_225' title='bbox 623 2741 750 2797; x_wconf 78' lang='lat' dir='ltr'><strong>homines</strong></span> <span class='ocrx_word' id='word_1_226' title='bbox 770 2751 800 2796; x_wconf 89' lang='lat' dir='ltr'><strong>et</strong></span> <span class='ocrx_word' id='word_1_227' title='bbox 821 2743 922 2812; x_wconf 85' lang='lat' dir='ltr'><strong>optimi</strong></span> <span class='ocrx_word' id='word_1_228' title='bbox 946 2746 1076 2816; x_wconf 79' lang='lat' dir='ltr'><strong>cuiusque</strong></span> <span class='ocrx_word' id='word_1_229' title='bbox 1098 2753 1125 2798; x_wconf 87' lang='lat' dir='ltr'><strong>et</strong></span> <span class='ocrx_word' id='word_1_230' title='bbox 1147 2742 1265 2814; x_wconf 85' lang='lat' dir='ltr'><strong>reliquo-</strong></span> 
     </span>
     <span class='ocr_line' id='line_1_27' title="bbox 232 2821 1265 2901; baseline -0.009 -13"><span class='ocrx_word' id='word_1_231' title='bbox 232 2881 235 2888; x_wconf 95' lang='grc'><em>,</em></span> <span class='ocrx_word' id='word_1_232' title='bbox 265 2821 267 2827; x_wconf 69' lang='lat'>,</span> <span class='ocrx_word' id='word_1_233' title='bbox 287 2851 357 2887; x_wconf 84' lang='lat' dir='ltr'><strong>rum.</strong></span> <span class='ocrx_word' id='word_1_234' title='bbox 379 2832 424 2886; x_wconf 82' lang='lat' dir='ltr'><strong>ubi</strong></span> <span class='ocrx_word' id='word_1_235' title='bbox 437 2849 527 2884; x_wconf 78' lang='lat' dir='ltr'><strong>rerum</strong></span> <span class='ocrx_word' id='word_1_236' title='bbox 537 2830 670 2901; x_wconf 76' lang='lat' dir='ltr'><strong>perspexit</strong></span> <span class='ocrx_word' id='word_1_237' title='bbox 684 2829 799 2884; x_wconf 83' lang='lat' dir='ltr'><strong>Beierus.</strong></span> <span class='ocrx_word' id='word_1_238' title='bbox 819 2827 852 2892; x_wconf 94' lang='grc'><strong>1,</strong></span> <span class='ocrx_word' id='word_1_239' title='bbox 872 2827 923 2892; x_wconf 94' lang='grc'><strong>11,</strong></span> <span class='ocrx_word' id='word_1_240' title='bbox 939 2827 983 2882; x_wconf 87' lang='grc'><strong>33.</strong></span> <span class='ocrx_word' id='word_1_241' title='bbox 1004 2840 1068 2882; x_wconf 84' lang='lat' dir='ltr'><strong>sunt</strong></span> <span class='ocrx_word' id='word_1_242' title='bbox 1083 2837 1265 2899; x_wconf 72' lang='lat' dir='ltr'><strong>autumpnae·</strong></span> 
     </span>
     <span class='ocr_line' id='line_1_28' title="bbox 287 2911 1267 2990; baseline -0.011 -16"><span class='ocrx_word' id='word_1_243' title='bbox 287 2918 354 2974; x_wconf 78' lang='lat' dir='ltr'><strong>dam</strong></span> <span class='ocrx_word' id='word_1_244' title='bbox 368 2911 467 2990; x_wconf 80' lang='lat' dir='ltr'><strong>officia</strong></span> <span class='ocrx_word' id='word_1_245' title='bbox 482 2919 567 2970; x_wconf 84' lang='lat' dir='ltr'><strong>etiam</strong></span> <span class='ocrx_word' id='word_1_246' title='bbox 582 2915 716 2970; x_wconf 84' lang='lat' dir='ltr'><strong>adversus</strong></span> <span class='ocrx_word' id='word_1_247' title='bbox 734 2932 781 2966; x_wconf 86' lang='lat' dir='ltr'><strong>eos</strong></span> <span class='ocrx_word' id='word_1_248' title='bbox 794 2912 949 2978; x_wconf 80' lang='lat' dir='ltr'><strong>servanda,</strong></span> <span class='ocrx_word' id='word_1_249' title='bbox 975 2933 993 2966; x_wconf 87' lang='lat' dir='ltr'><strong>a</strong></span> <span class='ocrx_word' id='word_1_250' title='bbox 1015 2912 1115 2986; x_wconf 75' lang='lat' dir='ltr'><strong>quibus</strong></span> <span class='ocrx_word' id='word_1_251' title='bbox 1137 2914 1267 2967; x_wconf 85' lang='lat' dir='ltr'><strong>iniuriam</strong></span> 
     </span>
     <span class='ocr_line' id='line_1_29' title="bbox 286 2997 1266 3074; baseline -0.005 -16"><span class='ocrx_word' id='word_1_252' title='bbox 286 3004 434 3074; x_wconf 80' lang='lat' dir='ltr'><strong>arreperis.</strong></span> <span class='ocrx_word' id='word_1_253' title='bbox 451 3002 508 3064; x_wconf 75' lang='lat' dir='ltr'><strong>Liv-</strong></span> <span class='ocrx_word' id='word_1_254' title='bbox 522 3000 557 3066; x_wconf 97' lang='grc'><strong>3,</strong></span> <span class='ocrx_word' id='word_1_255' title='bbox 575 2999 628 3064; x_wconf 90' lang='grc'><strong>33,</strong></span> <span class='ocrx_word' id='word_1_256' title='bbox 647 2999 674 3053; x_wconf 90' lang='grc'><strong>8.</strong></span> <span class='ocrx_word' id='word_1_257' title='bbox 688 3017 794 3052; x_wconf 85' lang='lat' dir='ltr'><strong>summa</strong></span> <span class='ocrx_word' id='word_1_258' title='bbox 809 2997 942 3052; x_wconf 78' lang='lat' dir='ltr'><strong>adversus</strong></span> <span class='ocrx_word' id='word_1_259' title='bbox 959 2998 1034 3052; x_wconf 87' lang='lat' dir='ltr'><strong>alios</strong></span> <span class='ocrx_word' id='word_1_260' title='bbox 1052 3001 1178 3071; x_wconf 84' lang='lat' dir='ltr'><strong>aequitas</strong></span> <span class='ocrx_word' id='word_1_261' title='bbox 1196 3009 1266 3053; x_wconf 87' lang='lat' dir='ltr'><strong>erat.</strong></span> 
     </span>
     <span class='ocr_line' id='line_1_30' title="bbox 231 3080 1266 3157; baseline -0.006 -17"><span class='ocrx_word' id='word_1_262' title='bbox 231 3137 235 3146; x_wconf 81' lang='grc'><strong>,</strong></span> <span class='ocrx_word' id='word_1_263' title='bbox 287 3087 392 3154; x_wconf 58' lang='grc'><strong>29,’8,</strong></span> <span class='ocrx_word' id='word_1_264' title='bbox 409 3089 435 3142; x_wconf 86' lang='grc'><strong>2.</strong></span> <span class='ocrx_word' id='word_1_265' title='bbox 460 3084 496 3138; x_wconf 81' lang='lat' dir='ltr'><strong>ob</strong></span> <span class='ocrx_word' id='word_1_266' title='bbox 513 3087 652 3157; x_wconf 80' lang='lat' dir='ltr'><strong>egregiam</strong></span> <span class='ocrx_word' id='word_1_267' title='bbox 667 3082 759 3152; x_wconf 83' lang='lat' dir='ltr'><strong>fidem</strong></span> <span class='ocrx_word' id='word_1_268' title='bbox 781 3083 913 3136; x_wconf 80' lang='lat' dir='ltr'><strong>adversus</strong></span> <span class='ocrx_word' id='word_1_269' title='bbox 937 3083 1091 3140; x_wconf 83' lang='lat' dir='ltr'><strong>Romanos.</strong></span> <span class='ocrx_word' id='word_1_270' title='bbox 1114 3080 1164 3148; x_wconf 81' lang='lat'><strong>45,</strong></span> <span class='ocrx_word' id='word_1_271' title='bbox 1184 3081 1220 3146; x_wconf 88' lang='lat'><strong>8,</strong></span> <span class='ocrx_word' id='word_1_272' title='bbox 1239 3081 1266 3135; x_wconf 82' lang='lat'><strong>4.</strong></span> 
     </span>
     <span class='ocr_line' id='line_1_31' title="bbox 217 3163 1265 3248; baseline -0.01 -19"><span class='ocrx_word' id='word_1_273' title='bbox 217 3177 219 3216; x_wconf 82' lang='grc' dir='ltr'>ἶ</span> <span class='ocrx_word' id='word_1_274' title='bbox 287 3178 367 3248; x_wconf 79' lang='lat' dir='ltr'><strong>pacis</strong></span> <span class='ocrx_word' id='word_1_275' title='bbox 378 3182 500 3244; x_wconf 75' lang='lat' dir='ltr'><strong>postea,</strong></span> <span class='ocrx_word' id='word_1_276' title='bbox 521 3187 603 3239; x_wconf 76' lang='lat' dir='ltr'><strong>quam</strong></span> <span class='ocrx_word' id='word_1_277' title='bbox 618 3187 678 3220; x_wconf 85' lang='lat' dir='ltr'><strong>eum</strong></span> <span class='ocrx_word' id='word_1_278' title='bbox 693 3185 800 3230; x_wconf 84' lang='lat' dir='ltr'><strong>summa</strong></span> <span class='ocrx_word' id='word_1_279' title='bbox 808 3163 878 3238; x_wconf 82' lang='lat' dir='ltr'><strong>fide</strong></span> <span class='ocrx_word' id='word_1_280' title='bbox 893 3169 1028 3226; x_wconf 81' lang='lat' dir='ltr'><strong>adversus</strong></span> <span class='ocrx_word' id='word_1_281' title='bbox 1043 3189 1105 3230; x_wconf 81' lang='lat' dir='ltr'><strong>eum</strong></span> <span class='ocrx_word' id='word_1_282' title='bbox 1120 3167 1265 3230; x_wconf 85' lang='lat' dir='ltr'><strong>coluimus,</strong></span> 
     </span>
     <span class='ocr_line' id='line_1_32' title="bbox 233 3249 1375 3326; baseline 0 -20"><span class='ocrx_word' id='word_1_283' title='bbox 233 3297 250 3316; x_wconf 59' lang='lat'><strong>.‚</strong></span> <span class='ocrx_word' id='word_1_284' title='bbox 290 3249 468 3312; x_wconf 73' lang='lat' dir='ltr'><strong>meminisses.</strong></span> <span class='ocrx_word' id='word_1_285' title='bbox 487 3251 548 3306; x_wconf 81' lang='lat' dir='ltr'><strong>vid.</strong></span> <span class='ocrx_word' id='word_1_286' title='bbox 558 3253 677 3304; x_wconf 82' lang='lat' dir='ltr'><strong>Gronov.</strong></span> <span class='ocrx_word' id='word_1_287' title='bbox 690 3253 753 3304; x_wconf 84' lang='lat' dir='ltr'><strong>Obs.</strong></span> <span class='ocrx_word' id='word_1_288' title='bbox 767 3253 793 3318; x_wconf 95' lang='grc'><strong>2,</strong></span> <span class='ocrx_word' id='word_1_289' title='bbox 809 3254 851 3306; x_wconf 89' lang='grc'><strong>20.</strong></span> <span class='ocrx_word' id='word_1_290' title='bbox 867 3273 893 3326; x_wconf 90' lang='lat' dir='ltr'><strong>p.</strong></span> <span class='ocrx_word' id='word_1_291' title='bbox 911 3254 971 3308; x_wconf 85' lang='grc'><strong>390.</strong></span> <span class='ocrx_word' id='word_1_292' title='bbox 988 3255 1067 3324; x_wconf 79' lang='grc'><strong>(298.)</strong></span> <span class='ocrx_word' id='word_1_293' title='bbox 1083 3253 1217 3314; x_wconf 82' lang='lat' dir='ltr'><strong>Drakenb.</strong></span> <span class='ocrx_word' id='word_1_294' title='bbox 1232 3253 1266 3306; x_wconf 86' lang='lat' dir='ltr'><strong>ud</strong></span> <span class='ocrx_word' id='word_1_295' title='bbox 1374 3295 1375 3306; x_wconf 69' lang='lat'><strong>.</strong></span> 
     </span>
     <span class='ocr_line' id='line_1_33' title="bbox 284 3333 1267 3412; baseline -0.007 -18"><span class='ocrx_word' id='word_1_296' title='bbox 284 3342 345 3398; x_wconf 85' lang='lat' dir='ltr'><strong>Liv.</strong></span> <span class='ocrx_word' id='word_1_297' title='bbox 361 3338 395 3406; x_wconf 85' lang='lat'><strong>5,</strong></span> <span class='ocrx_word' id='word_1_298' title='bbox 413 3336 463 3402; x_wconf 82' lang='grc'><strong>35,</strong></span> <span class='ocrx_word' id='word_1_299' title='bbox 482 3333 509 3399; x_wconf 76' lang='lat'><strong>4.</strong></span> <span class='ocrx_word' id='word_1_300' title='bbox 525 3335 578 3402; x_wconf 88' lang='grc'><strong>29,</strong></span> <span class='ocrx_word' id='word_1_301' title='bbox 599 3335 632 3401; x_wconf 88' lang='grc'><strong>8,</strong></span> <span class='ocrx_word' id='word_1_302' title='bbox 651 3338 677 3390; x_wconf 91' lang='grc'><strong>2.</strong></span> <span class='ocrx_word' id='word_1_303' title='bbox 696 3339 781 3390; x_wconf 80' lang='lat' dir='ltr'><strong>Tacit.</strong></span> <span class='ocrx_word' id='word_1_304' title='bbox 796 3343 863 3390; x_wconf 81' lang='lat' dir='ltr'><strong>Aun.</strong></span> <span class='ocrx_word' id='word_1_305' title='bbox 883 3340 931 3404; x_wconf 91' lang='grc'><strong>11,</strong></span> <span class='ocrx_word' id='word_1_306' title='bbox 949 3339 992 3394; x_wconf 88' lang='grc'><strong>17.</strong></span> <span class='ocrx_word' id='word_1_307' title='bbox 1021 3333 1267 3412; x_wconf 79' lang='lat' dir='ltr'><strong>qundfidemud·</strong></span> 
     </span>
     <span class='ocr_line' id='line_1_34' title="bbox 84 3421 1375 3499; baseline -0.007 -16"><span class='ocrx_word' id='word_1_308' title='bbox 84 3462 87 3470; x_wconf 94' lang='lat'><em>·</em></span> <span class='ocrx_word' id='word_1_309' title='bbox 180 3450 198 3499; x_wconf 36' lang='grc' dir='ltr'><strong>ι’</strong></span> <span class='ocrx_word' id='word_1_310' title='bbox 225 3481 227 3486; x_wconf 88' lang='grc'><strong>,</strong></span> <span class='ocrx_word' id='word_1_311' title='bbox 289 3443 383 3482; x_wconf 86' lang='lat' dir='ltr'><strong>versus</strong></span> <span class='ocrx_word' id='word_1_312' title='bbox 410 3424 554 3479; x_wconf 81' lang='lat' dir='ltr'><strong>Romanos</strong></span> <span class='ocrx_word' id='word_1_313' title='bbox 581 3421 742 3478; x_wconf 75' lang='lat' dir='ltr'><strong>volentibus</strong></span> <span class='ocrx_word' id='word_1_314' title='bbox 774 3421 922 3480; x_wconf 74' lang='lat' dir='ltr'><strong>Germanis</strong></span> <span class='ocrx_word' id='word_1_315' title='bbox 946 3437 1089 3497; x_wconf 76' lang='lat' dir='ltr'><strong>surreptam</strong></span> <span class='ocrx_word' id='word_1_316' title='bbox 1117 3441 1266 3494; x_wconf 80' lang='lat' dir='ltr'><strong>numquam</strong></span> <span class='ocrx_word' id='word_1_317' title='bbox 1374 3465 1375 3484; x_wconf 74' lang='grc'><strong>,</strong></span> 
     </span>
     <span class='ocr_line' id='line_1_35' title="bbox 287 3508 1264 3580; baseline -0.004 -14"><span class='ocrx_word' id='word_1_318' title='bbox 287 3513 439 3566; x_wconf 83' lang='lat' dir='ltr'><strong>omisisset.</strong></span> <span class='ocrx_word' id='word_1_319' title='bbox 459 3509 517 3560; x_wconf 79' lang='lat' dir='ltr'><strong>Alia</strong></span> <span class='ocrx_word' id='word_1_320' title='bbox 529 3509 589 3561; x_wconf 79' lang='lat' dir='ltr'><strong>vide</strong></span> <span class='ocrx_word' id='word_1_321' title='bbox 603 3509 673 3578; x_wconf 84' lang='lat' dir='ltr'><strong>apud</strong></span> <span class='ocrx_word' id='word_1_322' title='bbox 688 3511 853 3562; x_wconf 88' lang='lat' dir='ltr'><strong>Vechnerum</strong></span> <span class='ocrx_word' id='word_1_323' title='bbox 869 3509 999 3562; x_wconf 87' lang='lat' dir='ltr'><strong>Hellenol.</strong></span> <span class='ocrx_word' id='word_1_324' title='bbox 1016 3531 1042 3580; x_wconf 89' lang='lat' dir='ltr'><strong>p.</strong></span> <span class='ocrx_word' id='word_1_325' title='bbox 1055 3508 1116 3562; x_wconf 76' lang='lat'><strong>440.</strong></span> <span class='ocrx_word' id='word_1_326' title='bbox 1135 3511 1165 3561; x_wconf 87' lang='lat' dir='ltr'><strong>In</strong></span> <span class='ocrx_word' id='word_1_327' title='bbox 1178 3511 1264 3562; x_wconf 79' lang='lat' dir='ltr'><strong>Tacit.</strong></span> 
     </span>
     <span class='ocr_line' id='line_1_36' title="bbox 229 3593 1268 3679; baseline -0.003 -28"><span class='ocrx_word' id='word_1_328' title='bbox 229 3665 232 3679; x_wconf 78' lang='lat'><strong>.</strong></span> <span class='ocrx_word' id='word_1_329' title='bbox 290 3603 354 3651; x_wconf 76' lang='lat' dir='ltr'><strong>Anu.</strong></span> <span class='ocrx_word' id='word_1_330' title='bbox 369 3595 402 3661; x_wconf 78' lang='lat'><strong>4,</strong></span> <span class='ocrx_word' id='word_1_331' title='bbox 416 3595 458 3648; x_wconf 87' lang='grc'><strong>69.</strong></span> <span class='ocrx_word' id='word_1_332' title='bbox 476 3601 532 3647; x_wconf 74' lang='lat' dir='ltr'><strong>no&#39;n</strong></span> <span class='ocrx_word' id='word_1_333' title='bbox 546 3593 621 3648; x_wconf 86' lang='lat' dir='ltr'><strong>alias</strong></span> <span class='ocrx_word' id='word_1_334' title='bbox 635 3599 724 3668; x_wconf 75' lang='lat' dir='ltr'><strong>nangis</strong></span> <span class='ocrx_word' id='word_1_335' title='bbox 737 3597 823 3648; x_wconf 78' lang='lat' dir='ltr'><strong>anxia</strong></span> <span class='ocrx_word' id='word_1_336' title='bbox 840 3605 868 3648; x_wconf 84' lang='lat' dir='ltr'><strong>et</strong></span> <span class='ocrx_word' id='word_1_337' title='bbox 881 3613 986 3665; x_wconf 82' lang='lat' dir='ltr'><strong>pavens</strong></span> <span class='ocrx_word' id='word_1_338' title='bbox 1005 3598 1104 3650; x_wconf 81' lang='lat' dir='ltr'><strong>ciuitas</strong></span> <span class='ocrx_word' id='word_1_339' title='bbox 1119 3613 1201 3670; x_wconf 78' lang='lat' dir='ltr'><strong>egens</strong></span> <span class='ocrx_word' id='word_1_340' title='bbox 1217 3594 1268 3648; x_wconf 82' lang='lat' dir='ltr'><strong>ad·</strong></span> 
     </span>
     <span class='ocr_line' id='line_1_37' title="bbox 193 3677 1276 3752; baseline 0.003 -23"><span class='ocrx_word' id='word_1_341' title='bbox 193 3715 195 3725; x_wconf 80' lang='lat'><strong>.</strong></span> <span class='ocrx_word' id='word_1_342' title='bbox 289 3702 397 3738; x_wconf 60' lang='lat' dir='ltr'><strong>versum</strong></span> <span class='ocrx_word' id='word_1_343' title='bbox 411 3683 565 3752; x_wconf 82' lang='lat' dir='ltr'><strong>proximos.</strong></span> <span class='ocrx_word' id='word_1_344' title='bbox 590 3681 642 3731; x_wconf 80' lang='lat' dir='ltr'><strong>lac.</strong></span> <span class='ocrx_word' id='word_1_345' title='bbox 659 3681 807 3732; x_wconf 84' lang='lat' dir='ltr'><strong>Gronovius</strong></span> <span class='ocrx_word' id='word_1_346' title='bbox 824 3680 955 3732; x_wconf 86' lang='lat' dir='ltr'><strong>intellexit</strong></span> <span class='ocrx_word' id='word_1_347' title='bbox 969 3682 1092 3734; x_wconf 74' lang='lat' dir='ltr'><strong>omissum</strong></span> <span class='ocrx_word' id='word_1_348' title='bbox 1103 3677 1178 3751; x_wconf 74' lang='lat' dir='ltr'><strong>fide,</strong></span> <span class='ocrx_word' id='word_1_349' title='bbox 1195 3682 1276 3750; x_wconf 11' lang='lat' dir='ltr'><strong>quod&amp;</strong></span> 
     </span>
     <span class='ocr_line' id='line_1_38' title="bbox 285 3750 1267 3836; baseline -0.004 -15"><span class='ocrx_word' id='word_1_350' title='bbox 285 3769 372 3821; x_wconf 89' lang='lat' dir='ltr'><strong>omitti</strong></span> <span class='ocrx_word' id='word_1_351' title='bbox 387 3785 440 3819; x_wconf 90' lang='lat' dir='ltr'><strong>non</strong></span> <span class='ocrx_word' id='word_1_352' title='bbox 452 3765 555 3836; x_wconf 84' lang='lat' dir='ltr'><strong>potuit,</strong></span> <span class='ocrx_word' id='word_1_353' title='bbox 581 3782 630 3816; x_wconf 88' lang='lat' dir='ltr'><strong>neo</strong></span> <span class='ocrx_word' id='word_1_354' title='bbox 642 3765 730 3834; x_wconf 83' lang='lat' dir='ltr'><strong>placet</strong></span> <span class='ocrx_word' id='word_1_355' title='bbox 747 3765 896 3834; x_wconf 85' lang='lat' dir='ltr'><strong>intelligere</strong></span> <span class='ocrx_word' id='word_1_356' title='bbox 912 3767 1043 3820; x_wconf 80' lang='lat' dir='ltr'><strong>civitatem</strong></span> <span class='ocrx_word' id='word_1_357' title='bbox 1060 3750 1134 3820; x_wconf 88' lang='lat' dir='ltr'><strong>ineo</strong></span> <span class='ocrx_word' id='word_1_358' title='bbox 1150 3767 1267 3818; x_wconf 86' lang='lat' dir='ltr'><strong>destitu-</strong></span> 
     </span>
     <span class='ocr_line' id='line_1_39' title="bbox 289 3851 1269 3922; baseline -0.002 -16"><span class='ocrx_word' id='word_1_359' title='bbox 289 3867 360 3919; x_wconf 79' lang='lat' dir='ltr'><strong>tum,</strong></span> <span class='ocrx_word' id='word_1_360' title='bbox 387 3853 458 3921; x_wconf 78' lang='lat' dir='ltr'><strong>quod</strong></span> <span class='ocrx_word' id='word_1_361' title='bbox 476 3853 510 3904; x_wconf 84' lang='lat' dir='ltr'><strong>ad</strong></span> <span class='ocrx_word' id='word_1_362' title='bbox 534 3852 668 3922; x_wconf 83' lang='lat' dir='ltr'><strong>proximos</strong></span> <span class='ocrx_word' id='word_1_363' title='bbox 691 3851 845 3920; x_wconf 84' lang='lat' dir='ltr'><strong>pertineret.</strong></span> <span class='ocrx_word' id='word_1_364' title='bbox 862 3851 1012 3912; x_wconf 77' lang='lat' dir='ltr'><strong>,Excidiese</strong></span> <span class='ocrx_word' id='word_1_365' title='bbox 1033 3853 1138 3906; x_wconf 84' lang='lat' dir='ltr'><strong>videtur</strong></span> <span class='ocrx_word' id='word_1_366' title='bbox 1157 3853 1269 3922; x_wconf 73' lang='lat' dir='ltr'><strong>aliquod</strong></span> 
     </span>
     <span class='ocr_line' id='line_1_40' title="bbox 286 3935 1269 4008; baseline -0.001 -15"><span class='ocrx_word' id='word_1_367' title='bbox 286 3939 447 3997; x_wconf 81' lang='lat' dir='ltr'><strong>vocabulum.</strong></span> <span class='ocrx_word' id='word_1_368' title='bbox 471 3941 538 3991; x_wconf 81' lang='lat' dir='ltr'><strong>Anu.</strong></span> <span class='ocrx_word' id='word_1_369' title='bbox 555 3935 604 4000; x_wconf 88' lang='grc'><strong>12,</strong></span> <span class='ocrx_word' id='word_1_370' title='bbox 621 3937 665 3989; x_wconf 89' lang='grc'><strong>20.</strong></span> <span class='ocrx_word' id='word_1_371' title='bbox 694 3947 798 4008; x_wconf 82' lang='lat' dir='ltr'><strong>quauta</strong></span> <span class='ocrx_word' id='word_1_372' title='bbox 813 3940 970 4007; x_wconf 80' lang='lat' dir='ltr'><strong>pervicacia</strong></span> <span class='ocrx_word' id='word_1_373' title='bbox 988 3940 1018 3994; x_wconf 83' lang='lat' dir='ltr'><strong>iu</strong></span> <span class='ocrx_word' id='word_1_374' title='bbox 1034 3936 1159 4004; x_wconf 71' lang='lat' dir='ltr'><strong>hostem,</strong></span> <span class='ocrx_word' id='word_1_375' title='bbox 1186 3944 1269 4000; x_wconf 82' lang='lat' dir='ltr'><strong>tanta</strong></span> 
     </span>
     <span class='ocr_line' id='line_1_41' title="bbox 190 4019 934 4095; baseline -0.007 -14"><span class='ocrx_word' id='word_1_376' title='bbox 190 4025 192 4038; x_wconf 86' lang='lat'>&#39;</span> <span class='ocrx_word' id='word_1_377' title='bbox 289 4019 478 4095; x_wconf 76' lang='lat' dir='ltr'><strong>beneficentia</strong></span> <span class='ocrx_word' id='word_1_378' title='bbox 491 4021 623 4078; x_wconf 80' lang='lat' dir='ltr'><strong>adversus</strong></span> <span class='ocrx_word' id='word_1_379' title='bbox 637 4020 779 4092; x_wconf 78' lang='lat' dir='ltr'><strong>supplices</strong></span> <span class='ocrx_word' id='word_1_380' title='bbox 794 4021 934 4090; x_wconf 73' lang='lat' dir='ltr'><strong>utendum.</strong></span> 
     </span>
    </p>
   </div>
   <div class='ocr_carea' id='block_1_9' title="bbox 304 4124 1266 4214">
    <p class='ocr_par' dir='ltr' id='par_1_9' title="bbox 304 4124 1266 4214">
     <span class='ocr_line' id='line_1_42' title="bbox 304 4124 1266 4214; baseline -0.003 -19"><span class='ocrx_word' id='word_1_381' title='bbox 304 4132 338 4196; x_wconf 83' lang='grc'><strong>8.</strong></span> <span class='ocrx_word' id='word_1_382' title='bbox 361 4124 1084 4214; x_wconf 71' lang='lat' dir='ltr'><strong>Sedomuinodoauimoatqueagendimodo</strong></span> <span class='ocrx_word' id='word_1_383' title='bbox 1098 4145 1266 4214; x_wconf 87' lang='lat' dir='ltr'><strong>quponm-</strong></span> 
     </span>
    </p>
   </div>
   <div class='ocr_carea' id='block_1_10' title="bbox 0 0 1400 4746">
    <p class='ocr_par' dir='ltr' id='par_1_10' title="bbox 0 0 1400 4746">
     <span class='ocr_line' id='line_1_43' title="bbox 0 0 1400 4746; baseline 0 0"><span class='ocrx_word' id='word_1_384' title='bbox 0 0 1400 4746; x_wconf 95' lang='lat' dir='ltr'><strong> </strong></span> 
     </span>
    </p>
   </div>
  </div>
 </body>
</html>
