2662 4744
1002 315 1114 404 tn'

18 495 111 556 runt.
154 485 387 568 Remotieiie,
414 503 497 572 quae
518 482 615 552 alieni
636 493 716 560 ficunt
734 483 886 574 generis,
909 491 1067 578 pauciora

17 582 145 642 restant
167 595 239 640 una
266 573 380 658 regula
411 570 730 658 comprehendenda.
779 572 886 658 Atque
909 597 980 643 non
1001 575 1068 642 huc

19 660 194 750 pertinent
211 681 267 732 eu,
287 657 323 721 in
363 657 457 724 uibus
472 658 602 742 negatio
626 655 806 737 antecedit,
828 657 869 722 dc
884 681 1000 746 quare
1015 661 1069 727 di-

21 768 91 810 cam
107 767 143 813 n.
160 749 208 812 9..
241 741 330 808 Tum
340 681 412 807 duo
428 741 542 818 verbu,
560 763 644 828 quae
658 765 758 808 unam
776 744 988 810 constituunt·
1002 768 1068 813 no-

20 833 170 914 tionem,
196 839 424 978 nonqroesunt
441 851 501 916 per
516 839 577 892 cut
593 828 766 915 coniungi,
794 828 851 892 sed
876 853 937 918 per
960 843 993 900 et
1016 831 1070 899 vel

21 929 133 1003 atquc.
181 915 270 980 Dein
294 915 392 978 eduo
416 914 530 994 rerba,
547 923 585 976 ut
606 913 648 977 ad
669 933 770 977 unam
790 914 955 982 rationem
977 917 1070 984 refe·

20 1012 138 1067 rantur
163 1021 273 1090 aequo
299 1000 422 1076 modo,
450 1020 580 1064 necesse
604 1009 652 1062 est
668 999 910 1083 coniungantur
930 1024 991 1090 per
1014 1025 1069 1068 ac.

23 1089 214 1176 Supersunt
228 1085 328 1173 igitur
343 1107 397 1160 ea,
421 1085 456 1149 in
473 1081 588 1172 quibus
606 1083 668 1153 alia
691 1083 770 1152 cline
785 1084 834 1148 rei
852 1086 957 1152 vicem
972 1077 1071 1154 ex'hi-

22 1172 98 1238 bere
127 1181 261 1260 potest,
287 1179 319 1235 et
346 1169 479 1258 quidem
501 1167 623 1256 triplici
644 1167 767 1246 modo,
793 1178 849 1234 aut
871 1171 928 1238 ubi
950 1195 1071 1260 parum
1093 1187 1095 1192 ’

22 1257 146 1340 refert,
170 1265 289 1325 utrum
304 1254 371 1320 hoc
386 1277 427 1320 an
443 1253 525 1319 illud
543 1276 667 1342 ponas,
690 1253 781 1340 quod
807 1265 855 1320 est
871 1255 956 1324 oder
971 1260 1071 1340 auch,
1151 1317 1156 1324 .

23 1355 77 1412 aut
90 1337 149 1408 ubi
163 1363 274 1408 unum
289 1355 390 1440 genua
405 1341 440 1406 in
457 1361 530 1407 suas
546 1349 653 1428 partes
670 1335 841 1422 dividitur,
858 1353 914 1408 aut
931 1341 1071 1433 denique

23 1427 78 1494 ubi
92 1451 146 1494 res
157 1423 343 1492 distinctius
351 1425 549 1512 designatur,
593 1421 658 1488 uod
676 1435 724 1490 est
739 1424 822 1489 oder
838 1423 1014 1518 viclmelcrr
1033 1430 1072 1496 in

24 1513 179 1578 omnibus
191 1511 246 1580 his
257 1535 327 1576 nou
337 1511 521 1598 aequalitas,
533 1449 591 1574 sed
598 1509 819 1598 inaequalitas,
831 1511 882 1577 vel
891 1535 1010 1599 parum
1019 1513 1071 1580 rel

26 1601 233 1688 aliquantum
258 1594 421 1674 efficiens,
454 1603 602 1682 apparet.
652 1593 738 1658 Cum
760 1593 812 1662 hie
832 1597 966 1679 confer,
988 1621 1071 1686 quac

27 1687 188 1750 Goerenz.
209 1682 254 1750 ad
270 1681 337 1748 Cic.
355 1677 480 1746 deFin.
497 1703 531 1767 p.
548 1679 622 1744 448.
647 1677 778 1757 docuit,
802 1690 835 1744 et
857 1705 939 1770 quoe
960 1679 1071 1750 Erne-

26 1773 102 1836 stius
119 1772 160 1836 ad
177 1768 289 1836 Tacit.
305 1765 389 1832 Hist.
405 1771 443 1846 3,
464 1767 516 1831 52.
534 1763 592 1830 ubi
607 1765 616 1827 i
642 1787 678 1830 ea
692 1765 791 1832 verba
814 1779 875 1832 aut
896 1791 1012 1836 rurant
1029 1771 1072 1836 ed
1178 1805 1180 1814 =

28 1851 327 1923 demonstrandum
347 1849 522 1918 discrimen
538 1788 686 1916 adhileri
698 1863 848 1938 possunt.

127 1973 261 2062 Exempla
283 1990 419 2060 negativae
444 1988 589 2042 sententiae
607 1987 667 2041 ride
685 1987 774 2057 paullo
794 1996 863 2058 post.
881 1989 939 2044 Llr.
958 1989 1011 2057 21,
1028 1991 1072 2050 33.

93 2095 162 2132 snos
183 2076 339 2142 continuit,
356 2095 391 2128 ne
412 2071 558 2144 tumultuin
574 2091 608 2126 ae
626 2071 841 2142 trepidationem
857 2085 980 2146 augeret.
996 2080 1073 2134 Cant.

96 2165 156 2217 cod.
176 2171 249 2216 autc
266 2177 319 2212 non
338 2160 418 2211 male:
438 2175 634 2228 quemquamne
645 2173 748 2228 qnoque
763 2168 826 2228 poet
843 2151 1009 2228 negationem
1024 2181 1072 2216 re-

98 2257 142 2300 cte
159 2246 279 2317 ponitur.
314 2243 386 2300 Curt.
404 2243 438 2312 8,
455 2242 489 2307 3,
508 2242 550 2298 17.

130 2349 191 2402 Liv.
218 2348 252 2414 2,
276 2341 312 2416 3,Ὶ
336 2346 361 2400 1.
382 2365 432 2418 per
453 2343 550 2400 dolam
574 2363 607 2401 nc
632 2331 821 2416 proditionem
844 2364 934 2418 prope
957 2345 1073 2406 libertas
1172 2358 1173 2362 ’
1258 2421 1259 2428 ,

96 2433 204 2496 omissa
230 2441 290 2489 esta
305 2429 351 2484 ubi
377 2429 429 2483 duo
445 2430 511 2510 libri¹
527 2439 586 2485 aet.
619 2429 779 2500 intelligitur
807 2431 967 2504 proditionis
988 2433 1075 2490 dolus.

50 2575 54 2585 ,
96 2520 150 2573 vid.
167 2535 196 2589 p.
216 2513 277 2572 463.

130 2622 193 2674 Liv.
209 2619 235 2685 3,
256 2616 281 2686 6,
296 2617 321 2674 9.
340 2621 466 2676 circuitio
486 2639 520 2674 ac
539 2637 605 2674 cura
620 2615 756 2677 catiliani
771 2631 841 2678 eret.
856 2619 901 2674 ubi
918 2623 1077 2678 cod.Gacrt.

98 2717 166 2761 aute
195 2701 249 2758 vid.
265 2691 366 2774 p‚'465.
400 2707 520 2758 Lactant.
541 2709 606 2758 Inet.
630 2705 728 2772 1,18,
747 2705 788 2758 19.
812 2718 992 2778 numlpotest
1008 2709 1077 2780 plus

99 2802 151 2846 ant
172 2792 261 2844 maius
279 2787 384 2856 videri,
407 2789 553 2862 collegisse
564 2785 689 2862 fruges,
715 2788 810 2864 hisque
826 2785 954 2862 fractis,·
975 2811 1079 2865 panem

93 2869 198 2946 fecere
216 2874 358 2940 docuisse,
387 2881 437 2942 net
455 2893 523 2938 uvas
543 2873 577 2928 de
600 2874 706 2930 vitibus
732 2870 820 2930 lectas
846 2879 1013 2949 expressisse
1035 2882 1083 2934 ari-¹

99 2979 222 3034 namque
234 2953 357 3030 fecisse,
379 2975 462 3032 quam
475 2957 575 3031 fruges
595 2957 672 3032 ipsae
689 2971 742 3014 aut
765 2959 836 3036 vites
859 2980 1004 3034 generasse
1026 2975 1078 3019 ent

99 3045 255 3118 protulisse
275 3045 311 3100 de
327 3047 423 3100 terra?
454 3043 514 3100 Sine
534 3045 613 3098 dubio
631 3064 647 3099 ο
665 3045 725 3099 cod.
747 3042 863 3114 gothano
886 3047 1077 3104 rectituendurn
1131 3089 1134 3102 .

43 3120 46 3126 ’
99 3143 142 3186 est
159 3151 195 3188 ec
211 3129 370 3204 protulisse.

77 3290 79 3296 ,
134 3235 194 3288 Liv.
208 3233 258 3302 21,
275 3230 327 3300 58,
345 3229 372 3301 3.
389 3233 457 3306 quid
474 3237 548 3289 enim
564 3230 641 3288 ultra
657 3227 785 3306 differre,
805 3243 857 3291 aut
875 3237 928 3292 teri
944 3239 1078 3310 temper?

47 3375 48 3382 ¹
102 3318 137 3386 1,
154 3315 206 3388 13,
224 3319 250 3374 3.
269 3314 366 3378 melius
381 3315 530 3390 peribimus
547 3337 630 3392 quarn
647 3322 706 3373 sine
723 3317 819 3374 alteris
836 3330 958 3376 uestrum
973 3324 1078 3380 viduae
1175 3329 1184 3340 '

102 3414 154 3456 ant
177 3401 261 3460 orbae
275 3403 409 3460 vivemus.
425 3402 446 3460 i.
463 3399 554 3460 enisi
574 3404 676 3470 viduae,
692 3399 805 3458 vivemus
823 3405 911 3459 orbec.
932 3407 976 3475 21,
993 3407 1037 3474 33,
1051 3409 1078 3464 5.

103 3490 154 3544 icti
166 3483 250 3558 forte
266 3500 317 3548 aut
339 3490 482 3547 vulnerati
502 3489 572 3544 adeo
597 3483 848 3544 consternabantur.
882 3491 988 3544 Terent.
1009 3493 1078 3548 And.

103 3571 136 3636 1,
159 3574 192 3638 1,
211 3567 254 3626 56.
269 3569 459 3630 'observabam
484 3593 565 3629 mene
587 3567 701 3630 illorum
725 3567 849 3631 serenior
868 3579 1009 3632 venientes
1029 3583 1080 3632 aee

104 3651 247 3712 abeuntes.
282 3659 387 3711 Sallust.
405 3661 461 3730 lug.
477 3657 528 3725 53,
548 3655 574 3716 3.
595 3659 732 3734 plerique,
749 3658 975 3726 abiectissimus,
995 3663 1079 3718 collis

105 3751 158 3792 aut
175 3745 277 3808 nectis,
291 3763 361 3818 quae
380 3746 437 3799 iem
454 3741 675 3811 aderat‚enaeilio
695 3749 798 3817 integri
812 3737 922 3800 adeunt.
940 3743 986 3798 olii
1000 3749 1078 3802 codd.

104 3843 139 3878 ac
160 3832 265 3896 noctis,
292 3830 363 3898 quod
381 3846 436 3880 non
459 3837 590 3900 praestat,
616 3827 694 3882 sicuti
718 3848 749 3882 re
772 3846 833 3883 rere
855 3840 971 3899 praestat
993 3831 1011 3884 8
1018 3871 1027 3898 ‚
1051 3831 1079 3885 7.

105 3907 232 3994 ςὶονὶιιιηῚ
253 3924 338 3988 atque
361 3911 478 3970 divitias
502 3917 606 3986 quaeri.
648 3912 734 3970 Tacit.
759 3919 809 3967 An.
826 3910 942 3981 ,15,47.
961 3903 1027 3988 quic
1049 3920 1080 3972 in

107 4003 186 4050 utero
206 4015 374 4070 repressum,
397 4009 448 4054 eut
470 4001 523 4056 iter
548 4002 627 4055 iuxta
644 3997 750 4058 editum
766 4003 814 4056 eit.
848 4001 1078 4070 interprendant

54 4089 57 4094 '
105 4096 154 4148 pro
176 4092 205 4134 ee
223 4083 362 4152 accipiunt.
394 4088 429 4138 nt
451 4081 547 4154 duplex
572 4094 629 4138 eret
652 4085 746 4138 ominis
775 4083 967 4167 interpretatio·
996 4103 1078 4154 quare

106 4176 155 4222 ent
172 4167 314 4240 significat:
331 4179 378 4227 eut
402 4169 425 4224 ei
450 4169 560 4232 alterurn
585 4169 680 4228 eminio
703 4161 828 4232 iudicium
846 4171 928 4242 merie
952 4171 1078 4252 concide-
