2752 4748
241 286 283 352 74
380 251 385 258 ’
469 276 516 334 π
576 275 802 344 scrvrvu.
844 275 913 342 sn.

167 457 175 464 ·
240 435 367 526 Virgilii
389 436 519 514 locumc
551 442 756 506 actutum,
784 429 862 494 cito.
905 425 1035 496 Servius
1053 427 1094 494 ad
1107 429 1223 519 Virgil.
1244 435 1276 512 9,

238 513 748 664 2555actutamgconppatim
768 516 842 612 siae
861 514 1064 613 dilationer.
1083 528 1117 613 et
1139 529 1190 582 cst
1207 519 1276 582 acl-

240 605 387 671 verbaum
417 615 589 688 tempores.
663 623 717 664 aec
745 611 869 686 antiqui
891 610 1108 688 grammatici.
1151 603 1277 668 Gerar-

235 686 299 776 ]dus
325 690 459 752 Vossius
484 687 524 750 ad
542 683 745 773 anadiplosin
764 685 921 766 recurrit,
950 707 1015 783 qua
1029 685 1184 750 Horatius
1200 685 1278 752 for-

237 775 376 840 maverit
396 774 560 838 cinctatus
584 794 602 834 a
627 771 765 836 cinctae.
809 771 874 835 Sed
888 792 992 854 magis
1010 769 1155 836 conferri
1172 771 1277 839 debe-

237 861 292 924 bat
311 863 459 935 artatus,
490 857 529 921 ab
550 868 627 921 astu
641 855 777 923 factum.
818 855 911 922 Idem
933 855 1069 920 Vossius
1093 857 1129 920 in
1152 857 1278 922 Gram-

236 946 355 1024 matico
372 967 408 1031 p.
429 945 501 1010 159.
518 953 687 1016 actutum,
710 942 765 1012 ait.
789 942 879 1089 qpasi
895 953 975 1004 actu
992 952 1083 1004 tum.-
1109 943 1203 1026 quod
1210 945 1276 1023 ,vix

784 1051 801 1092 a

235 1031 445 1118 intelligiturz
477 1027 536 1093 sed
560 1048 695 1092 sensum
719 1049 781 1092 voc
824 1025 871 1090 uli
892 1048 962 1092 esse
984 1025 1072 1095 vult:
1101 1035 1173 1092 tam
1196 1027 1274 1112 cito,
1351 1051 1356 1056 ·

150 1127 156 1146 '
236 1137 336 1202 quam
351 1136 444 1204 agere
459 1113 578 1202 possis.
620 1111 783 1198 Equidem
805 1110 972 1199 intelligo,
1002 1132 1071 1175 uno
1087 1121 1172 1194 actu,
1197 1114 1276 1178 nul·

234 1200 267 1265 la
291 1202 353 1266 alia
373 1223 409 1266 re
430 1197 670 1278 intercedente,
700 1196 791 1262 nulla
805 1197 998 1282 interposite
1015 1218 1123 1260 mora.
1167 1198 1275 1262 Com·

233 1288 344 1374 parari
360 1295 468 1372 potest
483 1285 646 1348 Graecmn
663 1279 783 1354 cisino,
806 1291 838 1346 et
849 1281 1051 1345 Saxonicum
1059 1281 1171 1370 stage.
1191 1281 1275 1348 Lin-

235 1374 426 1451 demamus,
435 1369 489 1457 qui
500 1369 533 1432 in
543 1368 684 1454 Specim.
693 1366 749 1432 lV.
759 1367 799 1430 de
806 1366 968 1431 Adv'erbio
976 1366 1080 1430 latino
1090 1391 1123 1454 p.
1139 1373 1275 1433 11111·-

233 1458 306 1522 bale
315 1466 478 1545 putatcsse
490 1452 687 1520 exobsoleto
697 1450 797 1517 verbo
807 1450 1052 1532 actuofactum,
1060 1452 1273 1540 significatio-

233 1563 311 1609 nem
329 1539 474 1630 concipit
488 1563 565 1604 cum
582 1537 687 1604 multa
704 1548 794 1614 acta,
811 1559 879 1601 awa
894 1537 1056 1625 segniter,
1076 1535 1251 1604 οεὶιενίἰεν.1

172 1665 175 1670 ’
230 1729 233 1735 ,
316 1661 402 1727 Rara
424 1670 502 1724 sunt
524 1657 676 1744 exempla
699 1659 735 1723 in
756 1654 961 1722 oratoribusz
988 1657 1090 1722 semel
1104 1659 1274 1745 usurpavit

234 1749 370 1847 Cicero..
412 1743 515 1812 semel
551 1745 672 1809 Livius.
714 1739 930 1829 Frequentior
965 1761 1042 1806 uem
1073 1755 1213 1832 apparet
1238 1729 1310 1810 inl

234 1855 382 1900 comacu-
691 1847 695 1859 “
1237 1910 1239 1913 Υ

334 1937 418 1989 Pleut.
436 1929 529 1999 Amph.
547 1929 572 1992 1,
591 1928 617 1995 1,
637 1925 697 1986 204.
718 1927 861 1990 Videtis,
882 1945 965 1999 qaam
984 1944 1050 1982 moa
1064 1925 1202 2000 vapulare
1218 1931 1272 1993 vis,

302 2023 356 2074 nisi
381 2029 502 2072 actatum
525 2012 589 2068 ltine
613 2009 683 2066 abis·
714 2011 835 2076 11118,
851 2011 885 2077 3,
910 2010 971 2067 115.
991 2012 1118 2068 iuscemle
1137 2023 1274 2066 actutum.

301 2092 394 2168 Paeuil.
419 2102 452 2164 1,
466 2101 505 2165 2,
524 2097 566 2151 53.
590 2117 625 2151 nc
640 2095 744 2152 dictum
762 2115 823 2152 esse
841 2108 966 2155 actatum
986 2097 1041 2154 stat
1056 2101 1205 2171 quaepiam
1222 2117 1272 2152 va·

299 2201 418 2244 stratum
436 2183 503 2240 milii
522 2193 612 2255 neget.
629 2183 736 2234 Terent.
752 2183 856 2237 Phorm.
874 2179 901 2248 5,
919 2181 945 2248 6,
964 2183 1007 2238 12.
1041 2183 1089 2236 Ad.
1107 2181 1134 2247 4,
1149 2178 1178 2247 4,
1194 2181 1239 2234 24.

335 2294 390 2346 Cic.
408 2289 502 2359 Philip.
521 2287 564 2351 12,
581 2284 622 2347 11,
640 2283 684 2338 26.
701 2301 753 2355 ego
771 2294 887 2338 mortem
905 2293 1027 2338 actutum
1039 2281 1173 2355 futuram
1190 2275 1271 2356 puto.
1362 2277 1363 2318 ἶ

211 2379 213 2383 ’
297 2380 354 2430 Liv.
369 2377 419 2440 29,
441 2377 484 2437 14,
508 2371 533 2424 5.
551 2372 601 2427 M.
625 2365 805 2424 Valerius-
825 2380 947 2422 actutum
965 2371 995 2422 in
1013 2369 1100 2422 ltalia
1115 2365 1187 2437 fore
1203 2388 1271 2421 nan·

298 2465 426 2514 tiaoerat.
452 2457 548 2524 virgil.
561 2459 626 2506 Aen.
641 2454 675 2518 9,
688 2451 749 2514 254.
769 2462 828 2506 tum
844 2464 932 2506 cetera
949 2451 1046 2508 reddet
1067 2462 1189 2508 actatum
1206 2455 1271 2520 pius

299 2545 415 2600 Aeneas.
450 2540 595 2610 symmach.
612 2540 660 2606 Ep.
676 2537 708 2600 1,
727 2533 771 2588 41.
800 2537 850 2592 sed
866 2541 892 2594 si
911 2535 979 2592 benc
994 2540 1128 2604 aestimo,
1145 2547 1271 2592 actuum

186 2617 188 2622 ¹
239 2647 242 2654 ’
297 2623 451 2684 merebitur.
467 2626 494 2692 2,
510 2623 552 2678 64.
568 2621 596 2689 8,
611 2620 654 2675 43.
670 2619 701 2686 5,
713 2618 755 2676 ³5.

692 2789 800 2878 AD.
865 2847 868 2854 ·

311 2979 358 3047 Ut
382 2975 542 3064 originem
571 2972 723 3039 vocabuli
755 2989 802 3036 nn
830 2972 1062 3056 constitueret,
1102 2972 1266 3040 Gerardus

173 3132 175 3138 ,
229 3066 365 3130 Vossius
386 3064 426 3127 ad
448 3061 613 3128 Hebraeos
632 3056 800 3144 confugit,
823 3069 856 3121 et
870 3079 986 3122 vocem
1009 3077 1049 3122 *ut
1074 3058 1106 3121 in
1124 3059 1266 3126 latinum

229 3171 418 3218 sermonem
440 3144 636 3209 translatum
660 3165 728 3206 esse
743 3141 951 3218 existimavit.
996 3145 1071 3224 Qua
1085 3143 1266 3211 subtilitate

230 3236 368 3300 omnino
392 3252 462 3294 non
479 3225 563 3314 opus
581 3237 650 3291 erat
663 3228 697 3290 in
712 3227 884 3314 primitivo
898 3227 1072 3294 vocabulo.
1115 3229 1166 3294 De
1180 3231 1265 3294 scri-

206 3339 208 3344 ’
228 3331 327 3406 ptura
341 3317 405 3380 iam
422 3315 508 3378 inter
523 3311 673 3398 antiquos
688 3313 918 3398 grammaticos
934 3314 1159 3401 ambigebatur
1171 3316 1265 3380 mul-
1361 3313 1362 3379 l

227 3401 312 3470 tum.
353 3401 440 3466 Nam
464 3399 606 3462 litteram
628 3409 810 3464 extremam
834 3402 932 3462 etiam
952 3399 987 3462 in
1001 3397 1067 3476 hoc
1083 3401 1264 3481 vocabulo,
1311 3435 1317 3442 ·

186 3526 190 3536 ·
227 3491 276 3558 uti
297 3490 333 3554 in
353 3485 487 3573 reliquis
515 3484 667 3548 omnibus
691 3483 798 3547 littera
821 3483 852 3548 D
872 3484 1072 3566 terminatis,
1103 3487 1264 3572 asperiori

228 3597 313 3640 cono
336 3571 582 3660 pronuntiatam
603 3589 688 3649 esse,
710 3577 849 3633 testatur
866 3568 1108 3658 Quinctilianus
1132 3575 1184 3652 12,
1209 3577 1263 3654 10,

226 3655 384 3747 etquid
405 3653 493 3746 qaod
510 3651 663 3740 syllabae
680 3665 817 3741 nostrae
833 3654 870 3718 in
885 3653 920 3716 B
935 3654 1087 3722 litteram
1104 3667 1137 3718 et
1150 3655 1189 3718 D
1202 3657 1262 3720 in·

196 3745 198 3750 ’
226 3746 381 3812 nitantur
396 3742 482 3806 adea
499 3760 629 3824 aspere,
645 3749 683 3800 ut
697 3738 851 3824 plerique
866 3761 934 3804 aaa
950 3740 1263 3827 antiquissimarum

226 3829 378 3920 quidem,
401 3825 461 3891 ced
484 3837 598 3889 tamen
619 3834 764 3886 aetenam
788 3823 920 3888 mollire
942 3825 1161 3902 tentaverint,
1190 3850 1262 3892 non
1360 3831 1361 3856 ¹

126 3987 131 3996 .
224 3915 335 3982 solnm
365 3931 523 3977 aversa
545 3930 613 3995 pro
644 3906 840 3973 abversis
864 3907 1027 3987 dicendo,
1063 3909 1125 3975 eccl
1153 3922 1187 3976 et
1221 3915 1262 3977 in
1360 3949 1361 3954 1

170 4043 176 4050 -
221 4024 311 4090 prae
335 3997 476 4064 coitione
501 3993 535 4059 B
559 3992 706 4059 litterae*
718 3992 884 4058 absonam
910 4005 943 4058 et
964 3995 1078 4082 ipasam
1102 3995 1258 4062 Ssubti-
1360 4051 1361 4058 ,

80 4099 86 4104 ‘
214 4087 260 4155 ci
347 4082 419 4150 .de
432 4101 500 4170 quo
514 4078 592 4146 loco
609 4078 874 4168 (1111111194.Δ
894 4077 1258 4171 lllamreaopronttn·
1360 4105 1361 4110 ¹
