<?xml version="1.0" encoding="UTF-8"?>
<!DOCTYPE html PUBLIC "-//W3C//DTD XHTML 1.0 Transitional//EN"
    "http://www.w3.org/TR/xhtml1/DTD/xhtml1-transitional.dtd">
<html xmlns="http://www.w3.org/1999/xhtml" xml:lang="en" lang="en">
 <head>
  <title>
</title>
<meta http-equiv="Content-Type" content="text/html;charset=utf-8" />
  <meta name='ocr-system' content='tesseract 3.04.00' />
  <meta name='ocr-capabilities' content='ocr_page ocr_carea ocr_par ocr_line ocrx_word'/>
</head>
<body>
  <div class='ocr_page' id='page_1' title='image "./ferdinandihandi00torsgoog_0421.png"; bbox 0 0 2760 4748; ppageno 0'>
   <div class='ocr_carea' id='block_1_1' title="bbox 671 139 733 198">
    <p class='ocr_par' dir='ltr' id='par_1_1' title="bbox 671 139 733 198">
     <span class='ocr_line' id='line_1_1' title="bbox 671 139 733 198; baseline 0 -37"><span class='ocrx_word' id='word_1_1' title='bbox 671 139 733 198; x_wconf 28' lang='lat'>,‘‹.</span> 
     </span>
    </p>
   </div>
   <div class='ocr_carea' id='block_1_2' title="bbox 492 271 1127 420">
    <p class='ocr_par' dir='ltr' id='par_1_2' title="bbox 492 271 1127 420">
     <span class='ocr_line' id='line_1_2' title="bbox 492 271 1127 420; baseline 0.002 -30"><span class='ocrx_word' id='word_1_2' title='bbox 492 295 786 420; x_wconf 48' lang='lat' dir='ltr'>ANTEQV&#39;AMr.</span> <span class='ocrx_word' id='word_1_3' title='bbox 993 271 998 280; x_wconf 50' lang='lat'>.</span> <span class='ocrx_word' id='word_1_4' title='bbox 1065 339 1127 404; x_wconf 76' lang='lat'>399</span> 
     </span>
    </p>
   </div>
   <div class='ocr_carea' id='block_1_3' title="bbox 64 469 1309 1166">
    <p class='ocr_par' dir='ltr' id='par_1_3' title="bbox 64 469 1309 744">
     <span class='ocr_line' id='line_1_3' title="bbox 91 469 1128 572; baseline 0.012 -29"><span class='ocrx_word' id='word_1_5' title='bbox 91 501 178 568; x_wconf 85' lang='lat' dir='ltr'>quac</span> <span class='ocrx_word' id='word_1_6' title='bbox 204 501 273 544; x_wconf 90' lang='lat' dir='ltr'>non</span> <span class='ocrx_word' id='word_1_7' title='bbox 296 469 430 544; x_wconf 84' lang='lat' dir='ltr'>tantum</span> <span class='ocrx_word' id='word_1_8' title='bbox 450 502 468 543; x_wconf 92' lang='lat' dir='ltr'>a</span> <span class='ocrx_word' id='word_1_9' title='bbox 492 481 629 547; x_wconf 90' lang='lat' dir='ltr'>consilio</span> <span class='ocrx_word' id='word_1_10' title='bbox 658 490 689 544; x_wconf 88' lang='lat' dir='ltr'>at</span> <span class='ocrx_word' id='word_1_11' title='bbox 710 480 879 548; x_wconf 49' lang='lat' dir='ltr'>¹voluntate</span> <span class='ocrx_word' id='word_1_12' title='bbox 901 485 1128 572; x_wconf 85' lang='lat' dir='ltr'>proficiscitur,</span> 
     </span>
     <span class='ocr_line' id='line_1_4' title="bbox 89 563 1138 656; baseline 0.006 -26"><span class='ocrx_word' id='word_1_13' title='bbox 89 567 150 630; x_wconf 87' lang='lat' dir='ltr'>scd</span> <span class='ocrx_word' id='word_1_14' title='bbox 168 576 200 630; x_wconf 87' lang='lat' dir='ltr'>ot</span> <span class='ocrx_word' id='word_1_15' title='bbox 217 563 464 636; x_wconf 64' lang='lat' dir='ltr'>ratiocinatione</span> <span class='ocrx_word' id='word_1_16' title='bbox 488 567 698 652; x_wconf 68' lang='lat' dir='ltr'><strong>supponitur.</strong></span> <span class='ocrx_word' id='word_1_17' title='bbox 747 565 784 630; x_wconf 86' lang='lat' dir='ltr'>ld</span> <span class='ocrx_word' id='word_1_18' title='bbox 806 571 941 656; x_wconf 79' lang='lat' dir='ltr'>proprie</span> <span class='ocrx_word' id='word_1_19' title='bbox 960 571 998 636; x_wconf 81' lang='lat' dir='ltr'>fis</span> <span class='ocrx_word' id='word_1_20' title='bbox 1012 575 1046 637; x_wconf 92' lang='lat' dir='ltr'>in</span> <span class='ocrx_word' id='word_1_21' title='bbox 1061 575 1138 642; x_wconf 72' lang='lat' dir='ltr'>hoc.</span> 
     </span>
     <span class='ocr_line' id='line_1_5' title="bbox 64 649 1309 744; baseline 0.001 -29"><span class='ocrx_word' id='word_1_22' title='bbox 64 673 155 726; x_wconf 57' lang='lat' dir='ltr'>xusu</span> <span class='ocrx_word' id='word_1_23' title='bbox 172 649 369 737; x_wconf 85' lang='lat' dir='ltr'>praesentis:</span> <span class='ocrx_word' id='word_1_24' title='bbox 390 649 445 714; x_wconf 88' lang='lat' dir='ltr'>sed</span> <span class='ocrx_word' id='word_1_25' title='bbox 464 651 613 715; x_wconf 88' lang='lat' dir='ltr'>accedere</span> <span class='ocrx_word' id='word_1_26' title='bbox 628 661 738 736; x_wconf 87' lang='lat' dir='ltr'>potest</span> <span class='ocrx_word' id='word_1_27' title='bbox 751 652 810 716; x_wconf 91' lang='lat' dir='ltr'>alia</span> <span class='ocrx_word' id='word_1_28' title='bbox 827 671 951 736; x_wconf 88' lang='lat' dir='ltr'>caussa,</span> <span class='ocrx_word' id='word_1_29' title='bbox 979 681 1060 744; x_wconf 88' lang='lat' dir='ltr'>quae</span> <span class='ocrx_word' id='word_1_30' title='bbox 1074 662 1141 726; x_wconf 83' lang='lat' dir='ltr'>in-=</span> <span class='ocrx_word' id='word_1_31' title='bbox 1222 683 1230 710; x_wconf 72' lang='lat' dir='ltr'>s</span> <span class='ocrx_word' id='word_1_32' title='bbox 1307 711 1309 716; x_wconf 83' lang='lat'>.</span> 
     </span>
    </p>

    <p class='ocr_par' dir='ltr' id='par_1_4' title="bbox 90 733 1127 826">
     <span class='ocr_line' id='line_1_6' title="bbox 90 733 1127 826; baseline 0.006 -26"><span class='ocrx_word' id='word_1_33' title='bbox 90 737 270 802; x_wconf 86' lang='lat' dir='ltr'>dicativum</span> <span class='ocrx_word' id='word_1_34' title='bbox 295 756 405 806; x_wconf 88' lang='lat' dir='ltr'>secum</span> <span class='ocrx_word' id='word_1_35' title='bbox 431 733 538 799; x_wconf 90' lang='lat' dir='ltr'>ducat.</span> <span class='ocrx_word' id='word_1_36' title='bbox 593 737 698 821; x_wconf 84' lang='lat' dir='ltr'>Atque</span> <span class='ocrx_word' id='word_1_37' title='bbox 729 735 808 804; x_wconf 86' lang='lat' dir='ltr'>haec</span> <span class='ocrx_word' id='word_1_38' title='bbox 831 740 962 826; x_wconf 81' lang='lat' dir='ltr'>&#39;duplex</span> <span class='ocrx_word' id='word_1_39' title='bbox 995 755 1060 824; x_wconf 59' lang='lat' dir='ltr'>est«,</span> <span class='ocrx_word' id='word_1_40' title='bbox 1095 757 1127 810; x_wconf 85' lang='lat' dir='ltr'>ct</span> 
     </span>
    </p>

    <p class='ocr_par' dir='ltr' id='par_1_5' title="bbox 89 808 1128 913">
     <span class='ocr_line' id='line_1_7' title="bbox 89 808 1128 913; baseline 0.009 -27"><span class='ocrx_word' id='word_1_41' title='bbox 89 821 150 886; x_wconf 91' lang='lat' dir='ltr'>ubi</span> <span class='ocrx_word' id='word_1_42' title='bbox 165 843 318 910; x_wconf 82' lang='lat' dir='ltr'>praescus</span> <span class='ocrx_word' id='word_1_43' title='bbox 333 819 538 906; x_wconf 86' lang='lat' dir='ltr'>proaoristo</span> <span class='ocrx_word' id='word_1_44' title='bbox 554 821 748 906; x_wconf 70' lang='lat' dir='ltr'>ponitur&#39;de</span> <span class='ocrx_word' id='word_1_45' title='bbox 760 846 817 898; x_wconf 86' lang='lat' dir='ltr'>re,</span> <span class='ocrx_word' id='word_1_46' title='bbox 851 847 932 912; x_wconf 91' lang='lat' dir='ltr'>quae</span> <span class='ocrx_word' id='word_1_47' title='bbox 947 818 1018 892; x_wconf 84' lang='lat' dir='ltr'>lieri</span> <span class='ocrx_word' id='word_1_48' title='bbox 1033 808 1128 913; x_wconf 64' lang='lat' dir='ltr'>stilai,</span> 
     </span>
    </p>

    <p class='ocr_par' dir='ltr' id='par_1_6' title="bbox 91 905 1127 993">
     <span class='ocr_line' id='line_1_8' title="bbox 91 905 1127 993; baseline 0.01 -21"><span class='ocrx_word' id='word_1_49' title='bbox 91 913 151 972; x_wconf 87' lang='lat' dir='ltr'>aut</span> <span class='ocrx_word' id='word_1_50' title='bbox 166 905 295 972; x_wconf 75' lang='lat' dir='ltr'>aliunde</span> <span class='ocrx_word' id='word_1_51' title='bbox 310 928 370 992; x_wconf 90' lang='lat' dir='ltr'>per</span> <span class='ocrx_word' id='word_1_52' title='bbox 395 905 629 993; x_wconf 73' lang='lat' dir='ltr'>experientiam</span> <span class='ocrx_word' id='word_1_53' title='bbox 650 907 778 990; x_wconf 88' lang='lat' dir='ltr'>cognita</span> <span class='ocrx_word' id='word_1_54' title='bbox 805 919 870 982; x_wconf 82' lang='lat' dir='ltr'>cst,</span> <span class='ocrx_word' id='word_1_55' title='bbox 900 920 933 974; x_wconf 90' lang='lat' dir='ltr'>et</span> <span class='ocrx_word' id='word_1_56' title='bbox 950 913 1004 976; x_wconf 92' lang='lat' dir='ltr'>ubi</span> <span class='ocrx_word' id='word_1_57' title='bbox 1021 918 1127 982; x_wconf 79' lang='lat' dir='ltr'>oratio</span> 
     </span>
    </p>

    <p class='ocr_par' dir='ltr' id='par_1_7' title="bbox 88 989 1234 1166">
     <span class='ocr_line' id='line_1_9' title="bbox 88 989 1234 1086; baseline 0.008 -30"><span class='ocrx_word' id='word_1_58' title='bbox 88 1005 161 1056; x_wconf 90' lang='lat' dir='ltr'>tam</span> <span class='ocrx_word' id='word_1_59' title='bbox 179 999 266 1055; x_wconf 86' lang='lat' dir='ltr'>carta</span> <span class='ocrx_word' id='word_1_60' title='bbox 283 1000 314 1054; x_wconf 91' lang='lat' dir='ltr'>et</span> <span class='ocrx_word' id='word_1_61' title='bbox 331 989 435 1054; x_wconf 84' lang='lat' dir='ltr'>vivida</span> <span class='ocrx_word' id='word_1_62' title='bbox 454 991 597 1071; x_wconf 79' lang='lat' dir='ltr'>exsistit,</span> <span class='ocrx_word' id='word_1_63' title='bbox 622 1000 659 1053; x_wconf 91' lang='lat' dir='ltr'>ut</span> <span class='ocrx_word' id='word_1_64' title='bbox 675 1014 755 1076; x_wconf 92' lang='lat' dir='ltr'>quae</span> <span class='ocrx_word' id='word_1_65' title='bbox 774 993 925 1060; x_wconf 91' lang='lat' dir='ltr'>nondum</span> <span class='ocrx_word' id='word_1_66' title='bbox 941 995 1025 1064; x_wconf 83' lang='lat' dir='ltr'>facta</span> <span class='ocrx_word' id='word_1_67' title='bbox 1041 1013 1128 1086; x_wconf 90' lang='lat' dir='ltr'>sunt,</span> <span class='ocrx_word' id='word_1_68' title='bbox 1231 1034 1234 1042; x_wconf 74' lang='lat'>=</span> 
     </span>
     <span class='ocr_line' id='line_1_10' title="bbox 88 1075 946 1166; baseline 0.002 -24"><span class='ocrx_word' id='word_1_69' title='bbox 88 1101 157 1166; x_wconf 85' lang='lat' dir='ltr'>pro</span> <span class='ocrx_word' id='word_1_70' title='bbox 178 1075 272 1142; x_wconf 89' lang='lat' dir='ltr'>factis</span> <span class='ocrx_word' id='word_1_71' title='bbox 290 1076 488 1162; x_wconf 87' lang='lat' dir='ltr'>accipiantur</span> <span class='ocrx_word' id='word_1_72' title='bbox 503 1085 536 1141; x_wconf 88' lang='lat' dir='ltr'>et</span> <span class='ocrx_word' id='word_1_73' title='bbox 553 1075 637 1140; x_wconf 86' lang='lat' dir='ltr'>inter</span> <span class='ocrx_word' id='word_1_74' title='bbox 653 1099 686 1140; x_wconf 92' lang='lat' dir='ltr'>se</span> <span class='ocrx_word' id='word_1_75' title='bbox 703 1089 946 1166; x_wconf 87' lang='lat' dir='ltr'>comparentur.</span> 
     </span>
    </p>
   </div>
   <div class='ocr_carea' id='block_1_4' title="bbox 58 1193 1184 1610">
    <p class='ocr_par' dir='ltr' id='par_1_8' title="bbox 58 1193 1184 1610">
     <span class='ocr_line' id='line_1_11' title="bbox 195 1193 1151 1271; baseline 0.007 -21"><span class='ocrx_word' id='word_1_76' title='bbox 195 1196 318 1266; x_wconf 77' lang='lat' dir='ltr'>Exempla</span> <span class='ocrx_word' id='word_1_77' title='bbox 332 1197 382 1248; x_wconf 84' lang='lat' dir='ltr'>iam</span> <span class='ocrx_word' id='word_1_78' title='bbox 401 1214 478 1266; x_wconf 86' lang='lat' dir='ltr'>supra</span> <span class='ocrx_word' id='word_1_79' title='bbox 494 1215 520 1266; x_wconf 89' lang='lat' dir='ltr'>p.</span> <span class='ocrx_word' id='word_1_80' title='bbox 541 1193 601 1248; x_wconf 80' lang='grc'><strong>396.</strong></span> <span class='ocrx_word' id='word_1_81' title='bbox 618 1197 757 1252; x_wconf 76' lang='lat' dir='ltr'>attulimus.</span> <span class='ocrx_word' id='word_1_82' title='bbox 789 1198 836 1249; x_wconf 71' lang='lat' dir='ltr'>sic</span> <span class='ocrx_word' id='word_1_83' title='bbox 854 1199 932 1250; x_wconf 87' lang='lat' dir='ltr'>etiam</span> <span class='ocrx_word' id='word_1_84' title='bbox 946 1201 1003 1257; x_wconf 81' lang='lat' dir='ltr'>Lis.</span> <span class='ocrx_word' id='word_1_85' title='bbox 1022 1202 1065 1268; x_wconf 76' lang='lat'>22,</span> <span class='ocrx_word' id='word_1_86' title='bbox 1083 1203 1126 1271; x_wconf 83' lang='lat'>50,</span> <span class='ocrx_word' id='word_1_87' title='bbox 1147 1194 1151 1222; x_wconf 70' lang='lat'>⁸</span> 
     </span>
     <span class='ocr_line' id='line_1_12' title="bbox 161 1279 1184 1360; baseline 0.008 -24"><span class='ocrx_word' id='word_1_88' title='bbox 161 1283 188 1336; x_wconf 82' lang='lat'>8.</span> <span class='ocrx_word' id='word_1_89' title='bbox 204 1284 253 1337; x_wconf 79' lang='lat' dir='ltr'>sed</span> <span class='ocrx_word' id='word_1_90' title='bbox 270 1294 351 1346; x_wconf 86' lang='lat' dir='ltr'>ante,</span> <span class='ocrx_word' id='word_1_91' title='bbox 372 1300 454 1354; x_wconf 79' lang='lat' dir='ltr'>quam</span> <span class='ocrx_word' id='word_1_92' title='bbox 471 1284 606 1351; x_wconf 79' lang='lat' dir='ltr'>opprimit</span> <span class='ocrx_word' id='word_1_93' title='bbox 623 1279 682 1346; x_wconf 79' lang='lat' dir='ltr'>lar,</span> <span class='ocrx_word' id='word_1_94' title='bbox 702 1286 860 1356; x_wconf 77' lang='lat' dir='ltr'>maioraque</span> <span class='ocrx_word' id='word_1_95' title='bbox 878 1283 999 1340; x_wconf 86' lang='lat' dir='ltr'>hostium</span> <span class='ocrx_word' id='word_1_96' title='bbox 1015 1292 1128 1360; x_wconf 82' lang='lat' dir='ltr'>agmina</span> <span class='ocrx_word' id='word_1_97' title='bbox 1181 1289 1184 1298; x_wconf 77' lang='grc'><em>“</em></span> 
     </span>
     <span class='ocr_line' id='line_1_13' title="bbox 127 1364 1128 1446; baseline 0.008 -26"><span class='ocrx_word' id='word_1_98' title='bbox 127 1441 129 1444; x_wconf 22' lang='grc' dir='ltr'>Ι</span> <span class='ocrx_word' id='word_1_99' title='bbox 161 1368 308 1446; x_wconf 73' lang='lat' dir='ltr'>obsepiant</span> <span class='ocrx_word' id='word_1_100' title='bbox 333 1367 400 1430; x_wconf 85' lang='lat' dir='ltr'>iter,</span> <span class='ocrx_word' id='word_1_101' title='bbox 423 1386 473 1437; x_wconf 84' lang='lat' dir='ltr'>per</span> <span class='ocrx_word' id='word_1_102' title='bbox 496 1364 564 1430; x_wconf 84' lang='lat' dir='ltr'>hos,</span> <span class='ocrx_word' id='word_1_103' title='bbox 597 1369 644 1440; x_wconf 80' lang='lat' dir='ltr'>qai</span> <span class='ocrx_word' id='word_1_104' title='bbox 667 1368 821 1423; x_wconf 81' lang='lat' dir='ltr'>inordinati</span> <span class='ocrx_word' id='word_1_105' title='bbox 845 1380 926 1443; x_wconf 80' lang='lat' dir='ltr'>atqua</span> <span class='ocrx_word' id='word_1_106' title='bbox 951 1375 1128 1444; x_wconf 80' lang='lat' dir='ltr'>incompositi</span> 
     </span>
     <span class='ocr_line' id='line_1_14' title="bbox 58 1448 1128 1525; baseline 0.005 -19"><span class='ocrx_word' id='word_1_107' title='bbox 58 1486 61 1493; x_wconf 75' lang='lat'><em>‹</em></span> <span class='ocrx_word' id='word_1_108' title='bbox 164 1451 325 1523; x_wconf 78' lang='lat' dir='ltr'>obstrepant</span> <span class='ocrx_word' id='word_1_109' title='bbox 348 1455 454 1520; x_wconf 65' lang='lat' dir='ltr'>portica</span> <span class='ocrx_word' id='word_1_110' title='bbox 484 1470 666 1520; x_wconf 76' lang='lat' dir='ltr'>erantpamus.</span> <span class='ocrx_word' id='word_1_111' title='bbox 713 1457 780 1506; x_wconf 81' lang='lat' dir='ltr'>Ante</span> <span class='ocrx_word' id='word_1_112' title='bbox 808 1455 968 1508; x_wconf 78' lang='lat' dir='ltr'>Gronovium</span> <span class='ocrx_word' id='word_1_113' title='bbox 992 1448 1128 1525; x_wconf 82' lang='lat' dir='ltr'>legebatisr</span> 
     </span>
     <span class='ocr_line' id='line_1_15' title="bbox 159 1533 967 1610; baseline 0 -20"><span class='ocrx_word' id='word_1_114' title='bbox 159 1549 308 1610; x_wconf 80' lang='lat' dir='ltr'>antequam</span> <span class='ocrx_word' id='word_1_115' title='bbox 327 1539 469 1606; x_wconf 82' lang='lat' dir='ltr'>opprimat</span> <span class='ocrx_word' id='word_1_116' title='bbox 487 1563 521 1576; x_wconf 93' lang='lat'><em>-</em></span> <span class='ocrx_word' id='word_1_117' title='bbox 539 1533 686 1607; x_wconf 81' lang='lat' dir='ltr'>obsepiant</span> <span class='ocrx_word' id='word_1_118' title='bbox 705 1535 775 1606; x_wconf 82' lang='lat' dir='ltr'>quod</span> <span class='ocrx_word' id='word_1_119' title='bbox 792 1556 845 1589; x_wconf 89' lang='lat' dir='ltr'>non</span> <span class='ocrx_word' id='word_1_120' title='bbox 864 1539 967 1595; x_wconf 80' lang='lat' dir='ltr'>falsum.</span> 
     </span>
    </p>
   </div>
   <div class='ocr_carea' id='block_1_5' title="bbox 85 1635 1184 2326">
    <p class='ocr_par' dir='ltr' id='par_1_9' title="bbox 85 1635 1184 2326">
     <span class='ocr_line' id='line_1_16' title="bbox 90 1635 1128 1726; baseline 0.002 -21"><span class='ocrx_word' id='word_1_121' title='bbox 90 1639 255 1726; x_wconf 91' lang='lat' dir='ltr'>Loquenti</span> <span class='ocrx_word' id='word_1_122' title='bbox 277 1639 376 1725; x_wconf 83' lang='lat' dir='ltr'>igitur</span> <span class='ocrx_word' id='word_1_123' title='bbox 404 1635 603 1723; x_wconf 85' lang='lat' dir='ltr'>permissum</span> <span class='ocrx_word' id='word_1_124' title='bbox 627 1649 692 1715; x_wconf 84' lang='lat' dir='ltr'>est,</span> <span class='ocrx_word' id='word_1_125' title='bbox 725 1650 932 1704; x_wconf 75' lang='lat' dir='ltr'>utrumnam</span> <span class='ocrx_word' id='word_1_126' title='bbox 962 1641 1040 1706; x_wconf 86' lang='lat' dir='ltr'>velit</span> <span class='ocrx_word' id='word_1_127' title='bbox 1070 1641 1128 1707; x_wconf 90' lang='lat' dir='ltr'>fu-</span> 
     </span>
     <span class='ocr_line' id='line_1_17' title="bbox 89 1713 1159 1872; baseline 0.002 -82"><span class='ocrx_word' id='word_1_128' title='bbox 89 1737 199 1790; x_wconf 87' lang='lat' dir='ltr'>turam</span> <span class='ocrx_word' id='word_1_129' title='bbox 217 1747 253 1788; x_wconf 86' lang='lat' dir='ltr'>ac</span> <span class='ocrx_word' id='word_1_130' title='bbox 270 1723 459 1810; x_wconf 85' lang='lat' dir='ltr'>possibilem</span> <span class='ocrx_word' id='word_1_131' title='bbox 477 1723 629 1872; x_wconf 58' lang='lat' dir='ltr'>copitare,</span> <span class='ocrx_word' id='word_1_132' title='bbox 652 1746 787 1810; x_wconf 87' lang='lat' dir='ltr'>eamque</span> <span class='ocrx_word' id='word_1_133' title='bbox 804 1733 1028 1812; x_wconf 74' lang='lat' dir='ltr'>superstruere</span> <span class='ocrx_word' id='word_1_134' title='bbox 1042 1713 1127 1794; x_wconf 48' lang='lat' dir='ltr'>con-¹</span> <span class='ocrx_word' id='word_1_135' title='bbox 1156 1749 1159 1754; x_wconf 76' lang='grc'>’</span> 
     </span>
     <span class='ocr_line' id='line_1_18' title="bbox 91 1809 1127 1898; baseline 0.003 -24"><span class='ocrx_word' id='word_1_136' title='bbox 91 1811 226 1890; x_wconf 90' lang='lat' dir='ltr'>ditioni,</span> <span class='ocrx_word' id='word_1_137' title='bbox 253 1831 293 1874; x_wconf 92' lang='lat' dir='ltr'>an</span> <span class='ocrx_word' id='word_1_138' title='bbox 308 1815 430 1873; x_wconf 78' lang='lat' dir='ltr'>certam</span> <span class='ocrx_word' id='word_1_139' title='bbox 447 1819 513 1872; x_wconf 89' lang='lat' dir='ltr'>eta</span> <span class='ocrx_word' id='word_1_140' title='bbox 538 1809 678 1874; x_wconf 89' lang='lat' dir='ltr'>solutam</span> <span class='ocrx_word' id='word_1_141' title='bbox 697 1831 831 1898; x_wconf 88' lang='lat' dir='ltr'>ponere.</span> <span class='ocrx_word' id='word_1_142' title='bbox 854 1812 986 1884; x_wconf 90' lang='lat' dir='ltr'>Cicero,</span> <span class='ocrx_word' id='word_1_143' title='bbox 1004 1813 1059 1898; x_wconf 93' lang='lat' dir='ltr'>qui</span> <span class='ocrx_word' id='word_1_144' title='bbox 1075 1815 1127 1878; x_wconf 90' lang='lat' dir='ltr'>di-</span> 
     </span>
     <span class='ocr_line' id='line_1_19' title="bbox 89 1895 1127 1982; baseline 0 -20"><span class='ocrx_word' id='word_1_145' title='bbox 89 1897 141 1962; x_wconf 85' lang='lat' dir='ltr'>xit</span> <span class='ocrx_word' id='word_1_146' title='bbox 164 1895 305 1982; x_wconf 87' lang='lat' dir='ltr'>Philipp.</span> <span class='ocrx_word' id='word_1_147' title='bbox 331 1900 368 1974; x_wconf 91' lang='lat'>1,</span> <span class='ocrx_word' id='word_1_148' title='bbox 400 1901 429 1958; x_wconf 88' lang='lat' dir='ltr'>t.</span> <span class='ocrx_word' id='word_1_149' title='bbox 463 1905 645 1982; x_wconf 82' lang='lat' dir='ltr'>antequam</span> <span class='ocrx_word' id='word_1_150' title='bbox 669 1895 712 1959; x_wconf 85' lang='lat' dir='ltr'>de</span> <span class='ocrx_word' id='word_1_151' title='bbox 734 1895 907 1982; x_wconf 80' lang='lat' dir='ltr'>republica</span> <span class='ocrx_word' id='word_1_152' title='bbox 933 1896 1049 1962; x_wconf 84' lang='lat' dir='ltr'>dicam</span> <span class='ocrx_word' id='word_1_153' title='bbox 1074 1921 1127 1978; x_wconf 88' lang='lat' dir='ltr'>ea,</span> 
     </span>
     <span class='ocr_line' id='line_1_20' title="bbox 90 1978 1184 2070; baseline 0.002 -26"><span class='ocrx_word' id='word_1_154' title='bbox 90 2005 177 2070; x_wconf 82' lang='lat' dir='ltr'>quae</span> <span class='ocrx_word' id='word_1_155' title='bbox 204 1978 350 2044; x_wconf 80' lang='lat' dir='ltr'>dicenda</span> <span class='ocrx_word' id='word_1_156' title='bbox 374 1979 436 2042; x_wconf 79' lang='lat' dir='ltr'>lice</span> <span class='ocrx_word' id='word_1_157' title='bbox 465 1991 614 2064; x_wconf 81' lang='lat' dir='ltr'>tempore</span> <span class='ocrx_word' id='word_1_158' title='bbox 642 1979 809 2061; x_wconf 79' lang='lat' dir='ltr'>arbitror,</span> <span class='ocrx_word' id='word_1_159' title='bbox 847 2004 1015 2066; x_wconf 83' lang='lat' dir='ltr'>exponam</span> <span class='ocrx_word' id='word_1_160' title='bbox 1038 1983 1128 2048; x_wconf 82' lang='lat' dir='ltr'>volis</span> <span class='ocrx_word' id='word_1_161' title='bbox 1177 1991 1184 2008; x_wconf 62' lang='lat'>¹</span> 
     </span>
     <span class='ocr_line' id='line_1_21' title="bbox 92 2064 1128 2152; baseline 0.001 -21"><span class='ocrx_word' id='word_1_162' title='bbox 92 2078 154 2132; x_wconf 89' lang='lat' dir='ltr'>etc.</span> <span class='ocrx_word' id='word_1_163' title='bbox 181 2065 216 2130; x_wconf 92' lang='lat' dir='ltr'>lo</span> <span class='ocrx_word' id='word_1_164' title='bbox 243 2074 336 2128; x_wconf 90' lang='lat' dir='ltr'>uutus</span> <span class='ocrx_word' id='word_1_165' title='bbox 354 2075 401 2126; x_wconf 89' lang='lat' dir='ltr'>est</span> <span class='ocrx_word' id='word_1_166' title='bbox 415 2065 459 2128; x_wconf 90' lang='lat' dir='ltr'>ita</span> <span class='ocrx_word' id='word_1_167' title='bbox 479 2064 513 2128; x_wconf 92' lang='lat' dir='ltr'>in</span> <span class='ocrx_word' id='word_1_168' title='bbox 533 2067 624 2130; x_wconf 86' lang='lat' dir='ltr'>Verr.</span> <span class='ocrx_word' id='word_1_169' title='bbox 639 2069 679 2146; x_wconf 76' lang='lat'>2,</span> <span class='ocrx_word' id='word_1_170' title='bbox 702 2072 740 2144; x_wconf 92' lang='lat'>1,</span> <span class='ocrx_word' id='word_1_171' title='bbox 755 2072 795 2140; x_wconf 23' lang='lat'>⁴2.</span> <span class='ocrx_word' id='word_1_172' title='bbox 819 2077 1002 2152; x_wconf 73' lang='lat' dir='ltr'>certequam</span> <span class='ocrx_word' id='word_1_173' title='bbox 1017 2067 1059 2132; x_wconf 80' lang='lat' dir='ltr'>cle</span> <span class='ocrx_word' id='word_1_174' title='bbox 1073 2069 1128 2132; x_wconf 86' lang='lat' dir='ltr'>ia-</span> 
     </span>
     <span class='ocr_line' id='line_1_22' title="bbox 90 2087 1128 2235; baseline 0 -17"><span class='ocrx_word' id='word_1_175' title='bbox 90 2087 276 2218; x_wconf 73' lang='lat' dir='ltr'>commollis</span> <span class='ocrx_word' id='word_1_176' title='bbox 299 2149 439 2212; x_wconf 85' lang='lat' dir='ltr'>Siciliae</span> <span class='ocrx_word' id='word_1_177' title='bbox 462 2149 556 2230; x_wconf 84' lang='lat' dir='ltr'>dico,</span> <span class='ocrx_word' id='word_1_178' title='bbox 576 2172 691 2235; x_wconf 87' lang='lat' dir='ltr'>pauca</span> <span class='ocrx_word' id='word_1_179' title='bbox 712 2150 798 2216; x_wconf 77' lang='lat' dir='ltr'>milti</span> <span class='ocrx_word' id='word_1_180' title='bbox 820 2150 976 2216; x_wconf 76' lang='lat' dir='ltr'>videntur</span> <span class='ocrx_word' id='word_1_181' title='bbox 998 2152 1128 2218; x_wconf 82' lang='lat' dir='ltr'>esseda</span> 
     </span>
     <span class='ocr_line' id='line_1_23' title="bbox 85 2233 708 2326; baseline -0.01 -23"><span class='ocrx_word' id='word_1_182' title='bbox 85 2235 285 2326; x_wconf 73' lang='lat' dir='ltr'>provinciae</span> <span class='ocrx_word' id='word_1_183' title='bbox 302 2233 476 2322; x_wconf 78' lang='lat' dir='ltr'>dignitate</span> <span class='ocrx_word' id='word_1_184' title='bbox 491 2270 534 2284; x_wconf 88' lang='lat'>—</span> <span class='ocrx_word' id='word_1_185' title='bbox 549 2233 708 2300; x_wconf 81' lang='lat' dir='ltr'>dicenda.</span> 
     </span>
    </p>
   </div>
   <div class='ocr_carea' id='block_1_6' title="bbox 89 2351 1156 2541">
    <p class='ocr_par' dir='ltr' id='par_1_10' title="bbox 89 2351 1156 2541">
     <span class='ocr_line' id='line_1_24' title="bbox 89 2351 1156 2440; baseline -0.006 -16"><span class='ocrx_word' id='word_1_186' title='bbox 89 2354 303 2424; x_wconf 82' lang='lat' dir='ltr'>Praecedente</span> <span class='ocrx_word' id='word_1_187' title='bbox 326 2351 460 2434; x_wconf 84' lang='lat' dir='ltr'>futuro,</span> <span class='ocrx_word' id='word_1_188' title='bbox 492 2352 638 2440; x_wconf 90' lang='lat' dir='ltr'>sequitur</span> <span class='ocrx_word' id='word_1_189' title='bbox 659 2375 812 2440; x_wconf 88' lang='lat' dir='ltr'>praesens</span> <span class='ocrx_word' id='word_1_190' title='bbox 836 2353 1046 2421; x_wconf 86' lang='lat' dir='ltr'>coniunctivi.</span> <span class='ocrx_word' id='word_1_191' title='bbox 1088 2353 1156 2419; x_wconf 85' lang='lat' dir='ltr'>ld·</span> 
     </span>
     <span class='ocr_line' id='line_1_25' title="bbox 92 2436 870 2541; baseline -0.008 -33"><span class='ocrx_word' id='word_1_192' title='bbox 92 2465 160 2532; x_wconf 91' lang='lat' dir='ltr'>quo</span> <span class='ocrx_word' id='word_1_193' title='bbox 177 2439 280 2506; x_wconf 89' lang='lat' dir='ltr'>modo</span> <span class='ocrx_word' id='word_1_194' title='bbox 298 2436 372 2520; x_wconf 89' lang='lat' dir='ltr'>fiat,</span> <span class='ocrx_word' id='word_1_195' title='bbox 401 2437 436 2506; x_wconf 92' lang='lat' dir='ltr'>in</span> <span class='ocrx_word' id='word_1_196' title='bbox 452 2439 665 2541; x_wconf 76' lang='lat' dir='ltr'>grammatica</span> <span class='ocrx_word' id='word_1_197' title='bbox 682 2437 870 2526; x_wconf 88' lang='lat' dir='ltr'>exponitur.</span> 
     </span>
    </p>
   </div>
   <div class='ocr_carea' id='block_1_7' title="bbox 144 2557 1149 2956">
    <p class='ocr_par' dir='ltr' id='par_1_11' title="bbox 144 2557 1149 2956">
     <span class='ocr_line' id='line_1_26' title="bbox 144 2557 1128 2636; baseline 0.001 -23"><span class='ocrx_word' id='word_1_198' title='bbox 144 2591 169 2636; x_wconf 61' lang='lat' dir='ltr'><em>s</em></span> <span class='ocrx_word' id='word_1_199' title='bbox 208 2559 366 2617; x_wconf 78' lang='lat' dir='ltr'>CicParasl.</span> <span class='ocrx_word' id='word_1_200' title='bbox 387 2557 419 2622; x_wconf 88' lang='lat'>6,</span> <span class='ocrx_word' id='word_1_201' title='bbox 440 2558 464 2610; x_wconf 92' lang='lat'>1.</span> <span class='ocrx_word' id='word_1_202' title='bbox 490 2576 638 2630; x_wconf 82' lang='lat' dir='ltr'>numquam</span> <span class='ocrx_word' id='word_1_203' title='bbox 662 2563 714 2613; x_wconf 82' lang='lat' dir='ltr'>eris</span> <span class='ocrx_word' id='word_1_204' title='bbox 739 2559 840 2620; x_wconf 74' lang='lat' dir='ltr'>diaes„</span> <span class='ocrx_word' id='word_1_205' title='bbox 859 2568 1007 2632; x_wconf 81' lang='lat' dir='ltr'>antequam</span> <span class='ocrx_word' id='word_1_206' title='bbox 1023 2557 1128 2616; x_wconf 16' lang='lat' dir='ltr'>tiltres</span> 
     </span>
     <span class='ocr_line' id='line_1_27' title="bbox 160 2636 1128 2714; baseline 0.002 -16"><span class='ocrx_word' id='word_1_207' title='bbox 160 2636 460 2714; x_wconf 57' lang='lat' dir='ltr'>taispossessicnilms</span> <span class='ocrx_word' id='word_1_208' title='bbox 483 2653 593 2696; x_wconf 66' lang='lat' dir='ltr'>&#39;tantum</span> <span class='ocrx_word' id='word_1_209' title='bbox 619 2641 776 2713; x_wconf 80' lang='lat' dir='ltr'>reficiatur,</span> <span class='ocrx_word' id='word_1_210' title='bbox 809 2655 841 2701; x_wconf 75' lang='lat' dir='ltr'>at</span> <span class='ocrx_word' id='word_1_211' title='bbox 866 2662 898 2698; x_wconf 81' lang='lat' dir='ltr'>ao</span> <span class='ocrx_word' id='word_1_212' title='bbox 927 2649 997 2698; x_wconf 81' lang='lat' dir='ltr'>tueri</span> <span class='ocrx_word' id='word_1_213' title='bbox 1017 2661 1066 2707; x_wconf 66' lang='lat' dir='ltr'>sea</span> <span class='ocrx_word' id='word_1_214' title='bbox 1090 2644 1128 2700; x_wconf 82' lang='lat' dir='ltr'>ls-</span> 
     </span>
     <span class='ocr_line' id='line_1_28' title="bbox 148 2725 1127 2802; baseline -0.002 -18"><span class='ocrx_word' id='word_1_215' title='bbox 148 2725 257 2802; x_wconf 76' lang='lat' dir='ltr'>‘gionas</span> <span class='ocrx_word' id='word_1_216' title='bbox 274 2754 308 2770; x_wconf 90' lang='lat'>-</span> <span class='ocrx_word' id='word_1_217' title='bbox 328 2730 431 2796; x_wconf 77' lang='lat' dir='ltr'>possis.</span> <span class='ocrx_word' id='word_1_218' title='bbox 467 2729 560 2795; x_wconf 81' lang='lat' dir='ltr'>virgil.</span> <span class='ocrx_word' id='word_1_219' title='bbox 578 2729 634 2782; x_wconf 87' lang='lat' dir='ltr'>Ecl.</span> <span class='ocrx_word' id='word_1_220' title='bbox 653 2733 677 2790; x_wconf 85' lang='lat'>1,</span> <span class='ocrx_word' id='word_1_221' title='bbox 696 2729 739 2781; x_wconf 84' lang='lat'>60.</span> <span class='ocrx_word' id='word_1_222' title='bbox 756 2739 822 2781; x_wconf 82' lang='lat' dir='ltr'>ante</span> <span class='ocrx_word' id='word_1_223' title='bbox 841 2727 915 2782; x_wconf 82' lang='lat' dir='ltr'>levas</span> <span class='ocrx_word' id='word_1_224' title='bbox 932 2745 997 2800; x_wconf 81' lang='lat' dir='ltr'>ergo</span> <span class='ocrx_word' id='word_1_225' title='bbox 1015 2747 1127 2800; x_wconf 79' lang='lat' dir='ltr'>pascan-</span> 
     </span>
     <span class='ocr_line' id='line_1_29' title="bbox 159 2808 1130 2886; baseline 0.003 -19"><span class='ocrx_word' id='word_1_226' title='bbox 159 2826 205 2868; x_wconf 83' lang='lat' dir='ltr'>tur</span> <span class='ocrx_word' id='word_1_227' title='bbox 223 2815 251 2867; x_wconf 89' lang='lat' dir='ltr'>in</span> <span class='ocrx_word' id='word_1_228' title='bbox 269 2809 379 2868; x_wconf 84' lang='lat' dir='ltr'>aethera</span> <span class='ocrx_word' id='word_1_229' title='bbox 397 2812 485 2873; x_wconf 82' lang='lat' dir='ltr'>corvi,</span> <span class='ocrx_word' id='word_1_230' title='bbox 502 2835 539 2858; x_wconf 74' lang='grc' dir='ltr'>-ι</span> <span class='ocrx_word' id='word_1_231' title='bbox 555 2829 636 2884; x_wconf 81' lang='lat' dir='ltr'>qaam</span> <span class='ocrx_word' id='word_1_232' title='bbox 655 2823 748 2866; x_wconf 86' lang='lat' dir='ltr'>nostro</span> <span class='ocrx_word' id='word_1_233' title='bbox 777 2812 857 2868; x_wconf 84' lang='lat' dir='ltr'>illius</span> <span class='ocrx_word' id='word_1_234' title='bbox 883 2808 993 2876; x_wconf 77' lang='lat' dir='ltr'>labatur</span> <span class='ocrx_word' id='word_1_235' title='bbox 1017 2823 1130 2886; x_wconf 77' lang='lat' dir='ltr'>pectore</span> 
     </span>
     <span class='ocr_line' id='line_1_30' title="bbox 156 2892 1149 2956; baseline -0.003 -2"><span class='ocrx_word' id='word_1_236' title='bbox 156 2897 262 2956; x_wconf 83' lang='lat' dir='ltr'>vultus.</span> <span class='ocrx_word' id='word_1_237' title='bbox 1146 2892 1149 2901; x_wconf 78' lang='lat'>&#39;</span> 
     </span>
    </p>
   </div>
   <div class='ocr_carea' id='block_1_8' title="bbox 158 2995 1129 3407">
    <p class='ocr_par' dir='ltr' id='par_1_12' title="bbox 158 2995 1129 3407">
     <span class='ocr_line' id='line_1_31' title="bbox 203 2995 1127 3066; baseline -0.001 -13"><span class='ocrx_word' id='word_1_238' title='bbox 203 3001 345 3054; x_wconf 83' lang='lat' dir='ltr'>Doclekius</span> <span class='ocrx_word' id='word_1_239' title='bbox 363 3001 391 3052; x_wconf 89' lang='lat' dir='ltr'>in</span> <span class='ocrx_word' id='word_1_240' title='bbox 409 3001 523 3052; x_wconf 81' lang='lat' dir='ltr'>Graium.</span> <span class='ocrx_word' id='word_1_241' title='bbox 540 2998 663 3052; x_wconf 82' lang='lat' dir='ltr'>scholast.</span> <span class='ocrx_word' id='word_1_242' title='bbox 678 3016 706 3066; x_wconf 85' lang='lat' dir='ltr'>p.</span> <span class='ocrx_word' id='word_1_243' title='bbox 722 2995 764 3048; x_wconf 89' lang='grc'>68.</span> <span class='ocrx_word' id='word_1_244' title='bbox 778 2997 894 3064; x_wconf 80' lang='lat' dir='ltr'>‘regulam</span> <span class='ocrx_word' id='word_1_245' title='bbox 914 2999 1029 3050; x_wconf 78' lang='lat' dir='ltr'>confecit</span> <span class='ocrx_word' id='word_1_246' title='bbox 1043 2999 1127 3054; x_wconf 88' lang='lat' dir='ltr'>hanc:</span> 
     </span>
     <span class='ocr_line' id='line_1_32' title="bbox 158 3077 1127 3158; baseline -0.001 -21"><span class='ocrx_word' id='word_1_247' title='bbox 158 3085 186 3138; x_wconf 88' lang='lat' dir='ltr'>io</span> <span class='ocrx_word' id='word_1_248' title='bbox 216 3080 526 3158; x_wconf 75' lang='lat' dir='ltr'>praesentiantequam</span> <span class='ocrx_word' id='word_1_249' title='bbox 548 3091 635 3136; x_wconf 79' lang='lat' dir='ltr'>sac&#39;um</span> <span class='ocrx_word' id='word_1_250' title='bbox 666 3077 767 3135; x_wconf 84' lang='lat' dir='ltr'>hahere&#39;</span> <span class='ocrx_word' id='word_1_251' title='bbox 792 3083 997 3144; x_wconf 68' lang='lat' dir='ltr'>continuativam,</span> <span class='ocrx_word' id='word_1_252' title='bbox 1025 3085 1127 3152; x_wconf 89' lang='lat' dir='ltr'>quando</span> 
     </span>
     <span class='ocr_line' id='line_1_33' title="bbox 161 3162 1129 3238; baseline -0.002 -16"><span class='ocrx_word' id='word_1_253' title='bbox 161 3164 250 3224; x_wconf 80' lang='lat' dir='ltr'>sermo</span> <span class='ocrx_word' id='word_1_254' title='bbox 271 3173 305 3223; x_wconf 84' lang='lat' dir='ltr'>sit</span> <span class='ocrx_word' id='word_1_255' title='bbox 322 3171 354 3222; x_wconf 88' lang='lat' dir='ltr'>de</span> <span class='ocrx_word' id='word_1_256' title='bbox 373 3189 403 3222; x_wconf 89' lang='lat' dir='ltr'>re</span> <span class='ocrx_word' id='word_1_257' title='bbox 421 3181 560 3234; x_wconf 85' lang='lat' dir='ltr'>consueta,</span> <span class='ocrx_word' id='word_1_258' title='bbox 569 3205 576 3238; x_wconf 63' lang='grc' dir='ltr'><em>Ι</em></span> <span class='ocrx_word' id='word_1_259' title='bbox 587 3181 614 3221; x_wconf 87' lang='lat' dir='ltr'>et</span> <span class='ocrx_word' id='word_1_260' title='bbox 630 3169 732 3238; x_wconf 89' lang='lat' dir='ltr'>quando</span> <span class='ocrx_word' id='word_1_261' title='bbox 756 3166 855 3236; x_wconf 82' lang='lat' dir='ltr'>aliquid</span> <span class='ocrx_word' id='word_1_262' title='bbox 874 3185 931 3219; x_wconf 67' lang='lat' dir='ltr'>nont</span> <span class='ocrx_word' id='word_1_263' title='bbox 944 3186 974 3219; x_wconf 88' lang='lat' dir='ltr'>re</span> <span class='ocrx_word' id='word_1_264' title='bbox 993 3186 1054 3219; x_wconf 83' lang='lat' dir='ltr'>vera</span> <span class='ocrx_word' id='word_1_265' title='bbox 1071 3162 1129 3222; x_wconf 79' lang='lat' dir='ltr'>fier‘i</span> 
     </span>
     <span class='ocr_line' id='line_1_34' title="bbox 161 3244 1127 3324; baseline 0 -18"><span class='ocrx_word' id='word_1_266' title='bbox 161 3257 273 3308; x_wconf 82' lang='lat' dir='ltr'>dicatur.</span> <span class='ocrx_word' id='word_1_267' title='bbox 315 3255 383 3307; x_wconf 90' lang='lat' dir='ltr'>lllud</span> <span class='ocrx_word' id='word_1_268' title='bbox 410 3255 504 3306; x_wconf 84' lang='lat' dir='ltr'>falsum</span> <span class='ocrx_word' id='word_1_269' title='bbox 530 3271 585 3306; x_wconf 85' lang='lat' dir='ltr'>esse</span> <span class='ocrx_word' id='word_1_270' title='bbox 612 3264 645 3308; x_wconf 74' lang='lat' dir='ltr'>eta</span> <span class='ocrx_word' id='word_1_271' title='bbox 664 3254 732 3304; x_wconf 85' lang='lat' dir='ltr'>ratio</span> <span class='ocrx_word' id='word_1_272' title='bbox 752 3263 779 3304; x_wconf 85' lang='lat' dir='ltr'>et</span> <span class='ocrx_word' id='word_1_273' title='bbox 801 3253 918 3324; x_wconf 84' lang='lat' dir='ltr'>exempla</span> <span class='ocrx_word' id='word_1_274' title='bbox 934 3244 1127 3306; x_wconf 77' lang='lat' dir='ltr'>demonstrant:</span> 
     </span>
     <span class='ocr_line' id='line_1_35' title="bbox 160 3333 896 3407; baseline -0.011 -13"><span class='ocrx_word' id='word_1_275' title='bbox 160 3342 213 3394; x_wconf 88' lang='lat' dir='ltr'>hoc</span> <span class='ocrx_word' id='word_1_276' title='bbox 230 3342 264 3394; x_wconf 84' lang='lat' dir='ltr'>ad</span> <span class='ocrx_word' id='word_1_277' title='bbox 281 3341 475 3404; x_wconf 85' lang='lat' dir='ltr'>conditionem,</span> <span class='ocrx_word' id='word_1_278' title='bbox 499 3339 531 3392; x_wconf 80' lang='lat' dir='ltr'>sle</span> <span class='ocrx_word' id='word_1_279' title='bbox 551 3356 602 3407; x_wconf 83' lang='lat' dir='ltr'>qua</span> <span class='ocrx_word' id='word_1_280' title='bbox 619 3339 688 3401; x_wconf 78' lang='lat' dir='ltr'>dixi,</span> <span class='ocrx_word' id='word_1_281' title='bbox 708 3333 831 3407; x_wconf 85' lang='lat' dir='ltr'>pertinet.</span> <span class='ocrx_word' id='word_1_282' title='bbox 895 3340 896 3349; x_wconf 58' lang='lat'>¹</span> 
     </span>
    </p>
   </div>
   <div class='ocr_carea' id='block_1_9' title="bbox 86 3457 1159 4037">
    <p class='ocr_par' dir='ltr' id='par_1_13' title="bbox 86 3457 1159 4037">
     <span class='ocr_line' id='line_1_36' title="bbox 88 3457 1127 3554; baseline -0.009 -22"><span class='ocrx_word' id='word_1_283' title='bbox 88 3467 129 3532; x_wconf 91' lang='lat' dir='ltr'>In</span> <span class='ocrx_word' id='word_1_284' title='bbox 155 3463 338 3554; x_wconf 84' lang='lat' dir='ltr'>praeteritis</span> <span class='ocrx_word' id='word_1_285' title='bbox 370 3474 509 3551; x_wconf 90' lang='lat' dir='ltr'>utraque</span> <span class='ocrx_word' id='word_1_286' title='bbox 537 3461 622 3526; x_wconf 92' lang='lat' dir='ltr'>ratic</span> <span class='ocrx_word' id='word_1_287' title='bbox 649 3459 742 3525; x_wconf 86' lang='lat' dir='ltr'>valet.</span> <span class='ocrx_word' id='word_1_288' title='bbox 769 3459 877 3524; x_wconf 72' lang='lat' dir='ltr'>‘Nam</span> <span class='ocrx_word' id='word_1_289' title='bbox 906 3468 962 3523; x_wconf 88' lang='lat' dir='ltr'>aut</span> <span class='ocrx_word' id='word_1_290' title='bbox 988 3465 1040 3525; x_wconf 85' lang='lat' dir='ltr'>res</span> <span class='ocrx_word' id='word_1_291' title='bbox 1072 3457 1127 3524; x_wconf 86' lang='lat' dir='ltr'>fa-</span> 
     </span>
     <span class='ocr_line' id='line_1_37' title="bbox 89 3544 1126 3637; baseline -0.006 -21"><span class='ocrx_word' id='word_1_292' title='bbox 89 3564 141 3616; x_wconf 90' lang='lat' dir='ltr'>cta</span> <span class='ocrx_word' id='word_1_293' title='bbox 160 3559 370 3637; x_wconf 87' lang='lat' dir='ltr'>comparatur</span> <span class='ocrx_word' id='word_1_294' title='bbox 394 3571 469 3626; x_wconf 88' lang='lat' dir='ltr'>cum</span> <span class='ocrx_word' id='word_1_295' title='bbox 486 3569 523 3612; x_wconf 89' lang='lat' dir='ltr'>rc</span> <span class='ocrx_word' id='word_1_296' title='bbox 539 3556 616 3634; x_wconf 87' lang='lat' dir='ltr'>post</span> <span class='ocrx_word' id='word_1_297' title='bbox 636 3544 741 3626; x_wconf 88' lang='lat' dir='ltr'>facta,</span> <span class='ocrx_word' id='word_1_298' title='bbox 769 3544 919 3630; x_wconf 81' lang='lat' dir='ltr'>cartaque</span> <span class='ocrx_word' id='word_1_299' title='bbox 940 3545 1019 3609; x_wconf 90' lang='lat' dir='ltr'>haec</span> <span class='ocrx_word' id='word_1_300' title='bbox 1041 3547 1126 3610; x_wconf 91' lang='lat' dir='ltr'>ratio</span> 
     </span>
     <span class='ocr_line' id='line_1_38' title="bbox 89 3629 1128 3725; baseline -0.008 -23"><span class='ocrx_word' id='word_1_301' title='bbox 89 3637 289 3725; x_wconf 83' lang='lat' dir='ltr'>exprimitur</span> <span class='ocrx_word' id='word_1_302' title='bbox 303 3633 478 3702; x_wconf 88' lang='lat' dir='ltr'>indicativo</span> <span class='ocrx_word' id='word_1_303' title='bbox 494 3631 650 3720; x_wconf 86' lang='lat' dir='ltr'>perfecti,</span> <span class='ocrx_word' id='word_1_304' title='bbox 670 3642 725 3696; x_wconf 88' lang='lat' dir='ltr'>ant</span> <span class='ocrx_word' id='word_1_305' title='bbox 738 3654 790 3696; x_wconf 90' lang='lat' dir='ltr'>res</span> <span class='ocrx_word' id='word_1_306' title='bbox 806 3629 892 3694; x_wconf 89' lang='lat' dir='ltr'>facta</span> <span class='ocrx_word' id='word_1_307' title='bbox 913 3631 1128 3716; x_wconf 88' lang='lat' dir='ltr'>componitur</span> 
     </span>
     <span class='ocr_line' id='line_1_39' title="bbox 88 3713 1159 3804; baseline -0.006 -17"><span class='ocrx_word' id='word_1_308' title='bbox 88 3745 169 3788; x_wconf 88' lang='lat' dir='ltr'>oum</span> <span class='ocrx_word' id='word_1_309' title='bbox 194 3721 254 3784; x_wconf 91' lang='lat' dir='ltr'>alia</span> <span class='ocrx_word' id='word_1_310' title='bbox 278 3719 448 3784; x_wconf 88' lang='lat' dir='ltr'>etiamtum</span> <span class='ocrx_word' id='word_1_311' title='bbox 471 3717 689 3804; x_wconf 86' lang='lat' dir='ltr'>exspectanda</span> <span class='ocrx_word' id='word_1_312' title='bbox 714 3727 746 3780; x_wconf 89' lang='lat' dir='ltr'>at</span> <span class='ocrx_word' id='word_1_313' title='bbox 760 3715 921 3802; x_wconf 89' lang='lat' dir='ltr'>temporis</span> <span class='ocrx_word' id='word_1_314' title='bbox 939 3713 1129 3782; x_wconf 85' lang='lat' dir='ltr'>conditione</span> <span class='ocrx_word' id='word_1_315' title='bbox 1156 3781 1159 3793; x_wconf 76' lang='grc'>,</span> 
     </span>
     <span class='ocr_line' id='line_1_40' title="bbox 87 3801 1128 3890; baseline -0.009 -18"><span class='ocrx_word' id='word_1_316' title='bbox 87 3807 308 3887; x_wconf 85' lang='lat' dir='ltr'>cohaerente,</span> <span class='ocrx_word' id='word_1_317' title='bbox 330 3803 447 3890; x_wconf 91' lang='lat' dir='ltr'>idque,</span> <span class='ocrx_word' id='word_1_318' title='bbox 470 3823 573 3888; x_wconf 91' lang='lat' dir='ltr'>quum</span> <span class='ocrx_word' id='word_1_319' title='bbox 591 3802 769 3880; x_wconf 85' lang='lat' dir='ltr'>intercedat</span> <span class='ocrx_word' id='word_1_320' title='bbox 791 3801 963 3886; x_wconf 81' lang='lat' dir='ltr'>cogitatio,</span> <span class='ocrx_word' id='word_1_321' title='bbox 985 3821 1046 3886; x_wconf 86' lang='lat' dir='ltr'>per</span> <span class='ocrx_word' id='word_1_322' title='bbox 1061 3801 1128 3864; x_wconf 85' lang='lat' dir='ltr'>irn-</span> 
     </span>
     <span class='ocr_line' id='line_1_41' title="bbox 86 3883 1127 4037; baseline -0.009 -78"><span class='ocrx_word' id='word_1_323' title='bbox 86 3890 231 3984; x_wconf 85' lang='lat' dir='ltr'>perfecti</span> <span class='ocrx_word' id='word_1_324' title='bbox 254 3901 285 3954; x_wconf 89' lang='lat' dir='ltr'>et</span> <span class='ocrx_word' id='word_1_325' title='bbox 307 3883 620 4037; x_wconf 86' lang='lat' dir='ltr'>plusquamperfecti</span> <span class='ocrx_word' id='word_1_326' title='bbox 646 3887 888 3950; x_wconf 89' lang='lat' dir='ltr'>coniunctivum</span> <span class='ocrx_word' id='word_1_327' title='bbox 918 3883 1127 3972; x_wconf 77' lang='lat' dir='ltr'>sighificatur.</span> 
     </span>
    </p>
   </div>
   <div class='ocr_carea' id='block_1_10' title="bbox 84 3970 1134 4234">
    <p class='ocr_par' dir='ltr' id='par_1_14' title="bbox 84 3970 1134 4234">
     <span class='ocr_line' id='line_1_42' title="bbox 84 3970 1128 4064; baseline -0.011 -20"><span class='ocrx_word' id='word_1_328' title='bbox 84 3983 198 4064; x_wconf 88' lang='lat' dir='ltr'>Atque</span> <span class='ocrx_word' id='word_1_329' title='bbox 213 3978 248 4042; x_wconf 91' lang='lat' dir='ltr'>iu</span> <span class='ocrx_word' id='word_1_330' title='bbox 267 3974 317 4041; x_wconf 87' lang='lat' dir='ltr'>his</span> <span class='ocrx_word' id='word_1_331' title='bbox 335 3986 465 4060; x_wconf 85' lang='lat' dir='ltr'>quoque</span> <span class='ocrx_word' id='word_1_332' title='bbox 492 3972 620 4036; x_wconf 88' lang='lat' dir='ltr'>iberum</span> <span class='ocrx_word' id='word_1_333' title='bbox 644 3981 694 4035; x_wconf 89' lang='lat' dir='ltr'>est</span> <span class='ocrx_word' id='word_1_334' title='bbox 708 3970 920 4060; x_wconf 87' lang='lat' dir='ltr'>scriptoribus</span> <span class='ocrx_word' id='word_1_335' title='bbox 936 3991 1128 4046; x_wconf 79' lang='lat' dir='ltr'>concessum</span> 
     </span>
     <span class='ocr_line' id='line_1_43' title="bbox 86 4054 1127 4142; baseline -0.012 -13"><span class='ocrx_word' id='word_1_336' title='bbox 86 4062 274 4130; x_wconf 87' lang='lat' dir='ltr'>arbitrium.</span> <span class='ocrx_word' id='word_1_337' title='bbox 319 4060 383 4122; x_wconf 88' lang='lat' dir='ltr'>Sed</span> <span class='ocrx_word' id='word_1_338' title='bbox 406 4061 442 4124; x_wconf 89' lang='lat' dir='ltr'>in</span> <span class='ocrx_word' id='word_1_339' title='bbox 467 4057 671 4134; x_wconf 81' lang='lat' dir='ltr'>narratione,</span> <span class='ocrx_word' id='word_1_340' title='bbox 710 4078 773 4142; x_wconf 91' lang='lat' dir='ltr'>qua</span> <span class='ocrx_word' id='word_1_341' title='bbox 797 4054 967 4142; x_wconf 88' lang='lat' dir='ltr'>quomodo</span> <span class='ocrx_word' id='word_1_342' title='bbox 986 4076 1043 4119; x_wconf 83' lang='lat' dir='ltr'>res</span> <span class='ocrx_word' id='word_1_343' title='bbox 1067 4076 1127 4117; x_wconf 85' lang='lat' dir='ltr'>co-</span> 
     </span>
     <span class='ocr_line' id='line_1_44' title="bbox 84 4138 1134 4234; baseline -0.015 -18"><span class='ocrx_word' id='word_1_344' title='bbox 84 4150 248 4218; x_wconf 82' lang='lat' dir='ltr'>haereant</span> <span class='ocrx_word' id='word_1_345' title='bbox 261 4145 457 4234; x_wconf 85' lang='lat' dir='ltr'>exponitur,</span> <span class='ocrx_word' id='word_1_346' title='bbox 482 4144 685 4226; x_wconf 69' lang='lat' dir='ltr'>ncoctione,</span> <span class='ocrx_word' id='word_1_347' title='bbox 708 4138 777 4226; x_wconf 56' lang='lat' dir='ltr'>‚atsi</span> <span class='ocrx_word' id='word_1_348' title='bbox 795 4140 989 4230; x_wconf 84' lang='lat' dir='ltr'>negligentia</span> <span class='ocrx_word' id='word_1_349' title='bbox 1002 4148 1134 4228; x_wconf 79' lang='lat' dir='ltr'>peccat,</span> 
     </span>
    </p>
   </div>
   <div class='ocr_carea' id='block_1_11' title="bbox 0 0 1384 4748">
    <p class='ocr_par' dir='ltr' id='par_1_15' title="bbox 0 0 1384 4748">
     <span class='ocr_line' id='line_1_45' title="bbox 0 0 1384 4748; baseline 0 0"><span class='ocrx_word' id='word_1_350' title='bbox 0 0 1384 4748; x_wconf 95' lang='lat' dir='ltr'> </span> 
     </span>
    </p>
   </div>
  </div>
 </body>
</html>
