2752 4748
227 373 287 433 110
590 419 592 427 .
730 369 799 432 AD.

292 542 340 585 ra,
358 519 404 569 sed
419 517 551 584 speciosa:
574 538 635 572 zum
655 519 762 576 Seteia.
789 522 861 573 Caes.
878 525 904 574 B.
922 507 975 572 c'iv.
990 519 1016 585 2,
1033 519 1075 590 35,
1094 519 1275 583 ba'ccinatore

290 609 318 659 in
334 605 431 657 castris
450 609 477 653 et
492 608 591 672 paucis
606 605 646 657 ad
659 593 777 676 speeiem
793 605 980 660 tabernaculis
992 605 1104 663 relictis.
1120 611 1146 673 2,
1163 600 1206 662 41'.
1223 631 1275 682 pe·

290 691 381 745 ditatu
399 685 547 740 dumtaxat
568 691 667 760 procul
681 691 719 743 acl
735 695 853 762 speciem
871 695 967 744 utitur.
983 693 1001 742 i.
1016 711 1040 743 e.
1057 703 1086 743 ut
1103 695 1203 763 species
1220 713 1273 746 ex—

289 777 419 828 hibeatur.
445 775 473 824 B.
488 773 557 824 Gall.
571 775 604 837 1,
620 773 663 826 51.
688 777 851 840 Frontin.l,·
865 775 892 840 5,
907 775 933 828 5.
958 779 992 828 Et
1008 776 1041 828 de
1055 787 1166 846 externa
1180 795 1273 830 rerum

289 860 388 927 effigie.
415 855 470 908 uio.
485 856 513 906 in
528 860 604 914 Verr.
620 861 647 924 2,
665 862 707 924 28,
724 861 768 912 58.
786 863 862 930 evin
880 881 912 912 ex
927 864 1001 912 Pout.
1015 859 1042 923 4,
1058 861 1086 928 7,
1097 863 1142 918 49.
1160 877 1273 936 pugnat

288 945 327 1000 ad
357 939 514 1010 exemplum
543 947 630 1013 primi
659 949 750 998 minor
778 946 875 1000 ordine
902 945 966 1020 pili.
1001 947 1090 998 Celsus
1110 947 1145 1012 4,
1177 951 1220 1006 12.
1243 953 1274 1004 si

242 1071 245 1079 ,
287 1045 366 1085 vetas
383 1030 484 1082 vitiam
507 1039 567 1096 est,
609 1042 722 1100 oportet
749 1030 822 1084 laser
849 1041 932 1102 qaam
950 1034 1088 1102 optimum
1105 1034 1144 1089 ad
1160 1039 1272 1106 piperis

288 1108 508 1188 magnitudinem
523 1113 663 1170 deuorare.
684 1116 709 1180 5,
726 1117 771 1169 24.
799 1115 825 1180 6,
843 1115 870 1168 6.
1272 1129 1274 1132 ·

320 1212 478 1270 ΡΙαίιτ.(Ῑίεῐ.
497 1215 529 1278 1,
548 1217 580 1281 1,
598 1217 640 1270 73.
670 1219 709 1271 ad
727 1223 810 1274 istam
820 1215 931 1289 faeiem
950 1228 992 1296 est
1007 1217 1133 1286 morbus,
1161 1225 1211 1292 qui
1225 1240 1271 1279 mo

288 1319 418 1366 macerat,
451 1297 534 1353 Mero.
551 1303 585 1367 2,
602 1303 636 1368 3,
654 1303 696 1356 90.
715 1323 796 1358 senex
811 1316 853 1357 est
871 1304 1003 1376 braidam,
1028 1305 1172 1377 quiillam
1189 1325 1269 1382 mim?
1322 1327 1324 1330 ·

289 1391 370 1448 davit
391 1393 475 1459 mihi,
506 1395 538 1438 ut
562 1408 678 1442 emerem
695 1389 734 1442 ad
755 1387 864 1443 isthanc
880 1385 1009 1459 faciem:
1033 1407 1143 1459 quorum
1161 1410 1269 1448 sensum

286 1479 400 1546 explieat
420 1495 444 1530 r.
463 1478 512 1532 90.
528 1487 560 1530 at
577 1473 645 1532 mibi
660 1473 775 1545 quidam
791 1473 952 1528 adolescens
969 1486 1050 1546 pater
1065 1475 1210 1532 mandavit
1224 1477 1267 1532 ad

245 1585 249 1592 ·
286 1561 367 1615 iliam
376 1558 503 1633 faeiem,
523 1566 564 1616 ita
580 1572 611 1614 ut
628 1559 681 1615 illa
695 1571 756 1624 est,
777 1577 891 1612 emerem
905 1549 974 1613 sibi.¹
991 1623 998 1634 ,
1102 1610 1106 1616 ,

321 1667 403 1728 „Non
423 1666 528 1718 memini
548 1665 617 1730 ,alias
644 1681 686 1716 me
708 1663 799 1729 legere
821 1662 889 1730 apud
905 1661 985 1712 ullum
1000 1673 1114 1717 veterem
1123 1663 1269 1732 probatum

286 1750 463 1817 scriptorem,
473 1751 503 1800 id
515 1749 589 1817 qnod
602 1748 680 1813 vulgo
696 1765 765 1798 nunc
779 1765 871 1800 omnes
885 1747 1037 1814 loquuntur,
1059 1751 1212 1817 exprimere
1225 1750 1269 1801 acl

283 1835 385 1887 uiuum.
418 1834 580 1900 Interrogati
599 1832 715 1882 iuniores
737 1831 863 1894 surdiori,
887 1842 973 1884 utrum
1001 1833 1103 1904 aliquid
1126 1833 1267 1898 eiusmodi,

221 1915 222 1926 ¹
283 1919 385 1969 recenti
400 1917 534 1981 memoria,
552 1917 696 1983 legissent,
713 1925 857 1982 negarunt:
885 1934 1012 1986 quumque
1026 1918 1135 1988 amplius
1149 1918 1265 1986 30,ᾱίΙί-

281 2003 385 2071 gentius
414 1989 584 2072 inquisissent
616 2001 729 2063 iteruin,
758 1999 826 2056 nihil
849 2001 981 2052 inventum
1010 2019 1026 2052 a
1052 2020 1080 2054 se
1113 2004 1264 2071 responde-

219 2090 222 2097 '
281 2092 371 2140 των(
408 2089 551 2142 vavassor.
581 2087 627 2141 Ad
650 2086 746 2139 vivam
767 2103 848 2156 agere
876 2086 1050 2157 tragaediam
1073 2088 1210 2156 Scioppius
1235 2089 1265 2141 in

281 2173 393 2224 Infamia
417 2175 534 2228 Famiani
560 2192 588 2244 p.
605 2170 650 2232 50.
675 2184 753 2226 vocat
777 2174 883 2225 fossore
907 2182 952 2224 aut
974 2159 1137 2241 caprimissgo
1154 2173 1266 2240 dignum

280 2275 373 2326 genua·

295 2362 327 2423 4.
359 2361 546 2450 Scriptores
566 2361 767 2424 recentiores
793 2357 875 2422 adeo
902 2358 1186 2446 praepositionem
1216 2361 1265 2428 ita

212 2443 429 2531 usurpabant,
452 2456 489 2507 ut
509 2449 580 2531 ipsa
597 2443 805 2532 significaret,
820 2443 855 2506 in
871 2445 1011 2508 modian
1027 2446 1160 2510 alieilius
1175 2448 1238 2511 rei.

314 2570 398 2622 Solin.
416 2573 509 2642 Polyb.
525 2571 551 2622 7.
563 2571 655 2625 reddit
668 2589 777 2624 sueram
793 2566 889 2622 album
905 2569 943 2622 ad
962 2570 1045 2626 laetis
1062 2591 1201 2642 saporem.
1214 2574 1262 2626 20.

277 2653 382 2711 bonore
407 2670 434 2713 et
452 2659 543 2730 pretio
571 2657 609 2708 ad
632 2653 796 2728 smaragdos
816 2658 888 2708 viret
902 2655 1055 2724 pallidum.
1073 2659 1132 2711 vid.
1150 2649 1257 2736 Salma-

277 2741 331 2792 sius
345 2762 372 2812 p.
388 2743 431 2797 97.
446 2765 470 2799 o.
485 2743 544 2798 165.
566 2742 664 2799 d.179.
686 2761 710 2810 g.
731 2741 818 2794 Barth.
842 2741 876 2792 ad
895 2742 981 2792 Gratii
998 2738 1095 2813 Cyne'g.
1111 2744 1172 2797 211.
1200 2748 1261 2796 An-

277 2845 334 2878 son.
361 2831 473 2880 Proiess.
501 2826 551 2890 16,
580 2827 621 2880 11.
647 2827 809 2898 disputator
827 2827 866 2880 ad
889 2827 1049 2882 Cleanthem
1069 2833 1194 2885 Stoicen.
1210 2829 1260 2896 20,

275 2909 301 2962 7.
321 2915 504 2984 grammatice
518 2912 557 2966 ad
576 2899 717 2966 Scaurum.
734 2913 811 2964 Conf.
829 2923 907 2965 notae
925 2917 1023 2966 Vineti.

310 3017 339 3066 in
347 3017 438 3069 Avieni
449 3021 494 3070 Or.
505 3016 592 3066 merit.
602 3015 661 3066 189.
669 3013 845 3083 splendorem
861 3013 962 3089 ubique
976 3022 1082 3090 quippe
1098 3021 1186 3074 inesse
1196 3017 1259 3088 fla·

276 3100 364 3154 atibus
385 3105 453 3156 vitri
467 3101 506 3154 ad
521 3103 648 3162 nitorem,
664 3109 691 3150 et
705 3115 755 3167 per
769 3095 943 3169 profundum
960 3107 1103 3157 marmoris
1119 3123 1261 3176 cyaneam

274 3186 304 3236 in
333 3184 416 3237 undis
452 3177 511 3237 esre
541 3193 643 3235 certum
661 3185 811 3254 imaginem
837 3197 886 3238 est.
911 3187 1066 3254 ambigitur,
1089 3199 1175 3239 utrum
1192 3207 1257 3238 ver-

274 3267 309 3316 ba
327 3266 503 3320 aduiteram
520 3269 588 3320 vitri
605 3267 659 3319 sint
676 3265 715 3318 ad
737 3271 855 3330 nitorem
876 3292 960 3346 usque
981 3277 1068 3338 vitri,
1095 3293 1128 3326 an
1154 3275 1187 3326 de
1213 3274 1256 3324 si-

273 3348 421 3404 militudine
457 3351 586 3406 dicentur.
624 3355 683 3406 Hoc
709 3371 787 3408 unum
813 3366 900 3412 tamen
924 3362 1031 3432 probari
1060 3369 1164 3430 potest,
1199 3377 1257 3413 non

272 3432 347 3488 illud.
986 3490 989 3512 ,

286 3535 325 3634 6.,
347 3535 407 3600 Aa
430 3537 565 3624 aliquid
586 3539 766 3626 disputare
785 3545 921 3628 dieitur,
954 3549 1050 3612 certis
1074 3546 1173 3612 rebus
1197 3547 1256 3612 vel

203 3621 448 3717 quaestionibus
480 3629 663 3712 propositis
694 3629 873 3712 disserere,
917 3642 950 3696 et
984 3633 1166 3697 secundum
1198 3656 1253 3696 eas

129 3743 132 3752 ‹
202 3713 291 3800 everto
314 3727 366 3771 vin
390 3730 427 3771 ae
449 3709 577 3774 ratione
602 3713 773 3780 instituere
808 3739 998 3782 sermonem
1022 3718 1073 3784 vel
1097 3719 1252 3804 disputa*

200 3797 338 3852 tionem.
384 3794 451 3857 Cio.
482 3793 580 3859 Tusc.
610 3798 676 3878 Qui.
701 3805 741 3880 3,
764 3805 802 3877 9,
828 3806 879 3866 18.
904 3803 1018 3890 itaque
1039 3797 1108 3870 nore
1127 3799 1273 3867 inseite‘

201 3871 416 3940 Heracleotes
440 3877 627 3966 Dionysius
645 3883 694 3946 ad
714 3909 756 3950 ea
771 3885 937 3972 disputat,
958 3911 1044 3976 quae
1061 3887 1158 3974 apud
1171 3886 1253 3953 Ho-

199 3979 329 4022 merum
355 3961 502 4026 Achilles
524 3969 685 4051 queritur.
717 3973 816 4053 1,.4,
843 3975 874 4036 8.
907 3973 955 4037 aci
980 3973 1020 4037 id
1047 3985 1109 4036 aut
1127 3972 1252 4038 sedens

183 4055 261 4133 ¹aut
276 4043 462 4140 ¹ambulans
479 4048 708 4136 disputabam.
753 4055 881 4134 Quibus
908 4052 945 4121 ut
969 4059 1252 4141 demonstrarent,

197 4145 245 4192 an
275 4149 342 4207 vim
376 4131 493 4199 habere
517 4139 776 4227 praepositionis
800 4140 862 4224 de,
896 4141 1112 4211 conferebant
1130 4144 1258 4210 locum
