2676 4748
576 323 622 400 s,
666 321 739 400 sn,
783 284 874 392 sus.

271 477 384 532 Velleius
399 473 454 526 Pte.
468 473 501 536 2,
521 472 565 536 76,
583 472 608 526 4.
625 477 770 544 proximus
788 493 806 524 a
827 471 874 526 Cn.
893 469 1025 537 Pompeio
1044 469 1160 540 ipsoque
1180 465 1256 522 Cae·

221 585 229 592 ·
270 543 333 618 iare
346 589 380 602 -
395 549 613 610 οοηειιῐονεαιιιε
625 575 690 611 esse.
717 557 770 608 vid.
786 557 924 609 Ruhnken·
943 554 976 606 ad
994 553 1029 616 2,
1048 552 1113 616 127,
1133 555 1157 604 1.
1178 554 1252 604 Cur-

269 649 322 698 tius
333 642 370 706 5,
387 645 421 706 2,
439 640 463 691 5.
483 651 549 712 post
564 641 614 695 lios
635 644 796 712 Antigonus
814 649 843 694 et
859 636 895 692 ab
914 655 946 692 eo
967 638 1122 709 Lyncestes
1138 638 1255 708 Amyn·

272 742 316 784 tes
328 725 406 798 suits
435 729 474 778 De
502 727 587 780 serbis
612 729 756 797 proximus
778 744 796 778 a
814 725 867 776 vid.
882 727 1020 774 Burmann.
1045 723 1080 774 ad
1096 723 1174 773 Ovid.
1190 725 1253 772 Art.

237 845 243 852 ·
271 831 321 869 am·
345 809 452 874 1‚139·
479 811 560 862 Trist.
579 811 611 874 1,
630 810 664 873 3,
691 809 733 864 29.
751 807 822 862 banc
844 825 896 880 ego
920 809 1071 877 suspiciens
1098 817 1125 860 et
1141 804 1176 860 ab
1196 803 1254 857 hac

276 895 419 966 Capitolia
438 911 558 948 cernens.
589 895 660 964 quod
681 891 802 950 Heinsius
825 893 952 965 explicuit
978 892 1011 944 ad
1033 892 1143 946 Heroid.
1155 889 1183 956 25
1203 889 1253 945 86.

271 993 332 1052 post
344 981 419 1032 hanc.

287 1089 318 1148 2.
347 1083 455 1168 Atque
476 1079 560 1144 ordo
583 1101 695 1144 rerum
722 1091 834 1167 potest
856 1081 954 1144 etiam¹
978 1102 996 1142 a
1020 1078 1253 1144 retrocedente

202 1171 248 1233 ite
274 1168 454 1256 designari,
485 1177 523 1229 ut
548 1163 587 1228 ab
615 1175 764 1230 extremo
788 1175 998 1240 numeretur,
1030 1175 1148 1252 quotus
1172 1163 1251 1250 quis

203 1255 304 1320 abeo
329 1253 422 1316 absit.
449 1290 452 1302 ι
973 1265 980 1276 ’
1031 1321 1032 1326 ¹

225 1363 228 1370 '
306 1355 382 1407 Ovid.
403 1339 476 1404 Fasti
496 1351 529 1418 1,
554 1351 613 1404 711.
633 1351 700 1406 daec
720 1355 773 1408 erit
793 1371 811 1404 a
836 1353 938 1406 mansii
951 1349 1015 1422 fine
1037 1349 1157 1406 secunda
1176 1347 1251 1406 dies.

270 1442 296 1503 2,
314 1438 374 1491 686:
400 1440 488 1490 trusit
505 1434 541 1490 ab
564 1437 616 1492 itta
629 1449 723 1493 sextus
745 1435 781 1489 eb
798 1446 919 1492 extremo
937 1440 1050 1489 nomina
1069 1456 1161 1491 mense
1176 1434 1251 1489 diss.

196 1536 201 1549 ‘
270 1526 369 1589 Quibus
391 1523 512 1575 Barthins
536 1525 564 1575 in
580 1526 718 1578 Adversar.
741 1520 775 1575 25
784 1561 791 1587 ‚
810 1518 1008 1591 Superveniens
1024 1522 1182 1574 sententiam
1196 1521 1252 1597 sibi

231 1632 234 1640 ·
270 1611 448 1664 conformasse
465 1609 577 1674 videtur,
594 1629 612 1662 e
629 1609 776 1678 significare
793 1617 867 1674 ante.

285 1711 343 1778 IV.
387 1712 491 1776 Sicuti
526 1713 728 1802 praepositio
766 1729 828 1793 AB,
872 1709 907 1776 id
942 1709 1033 1798 quod
1065 1719 1159 1773 autea
1187 1707 1250 1774 de-

202 1799 480 1875 monstravimus,
512 1799 754 1884 comparationi
775 1819 888 1862 rerum
914 1795 1115 1862 diversarum
1138 1795 1250 1859 inser-

203 1887 267 1960 vit,
290 1887 335 1950 ita
351 1882 504 1948 nonnulli
520 1884 718 1970 scriptores,
746 1882 938 1969 praesertim
956 1879 1148 1946 recentioris
1166 1883 1249 1964 aevi,

203 1993 276 2036 eam
301 1970 495 2034 addiderunt
518 1969 674 2049 ablativis,
694 1970 750 2054 qui
769 1991 845 2032 cum
862 1969 1092 2056 comparativis
1104 1967 1249 2032 coniun-

226 2068 335 2120 untur.
356 2055 535 2118 Distantiae
549 2056 638 2119 enim
654 2053 814 2119 vocabulo
832 2054 937 2140 ipsam
949 2053 1176 2141 gradationem
1192 2055 1249 2117 in-

202 2081 310 2210 dicare
326 2140 512 2221 volueramt,
535 2141 660 2227 antiqui
674 2161 752 2206 usus
763 2139 984 2228 'simplicitate
998 2161 1068 2202 non
1087 2140 1249 2204 contenti.

159 2327 163 2334 ⁶
199 2272 202 2278 '
303 2262 370 2317 Plin.
387 2262 457 2312 Hist.
477 2271 530 2312 nat.
554 2259 602 2322 18,
636 2261 687 2326 13,
704 2259 747 2314 34.
765 2280 930 2334 quamquam
952 2263 1030 2330 prins
1055 2258 1160 2314 dixisse
1184 2277 1249 2315 con·
1334 2271 1335 2278 ¹

269 2351 365 2402 veniat
385 2346 419 2400 de
437 2349 523 2416 rapis,
540 2374 574 2409 7·
592 2349 618 2402 si
636 2349 723 2406 iustus
745 2347 813 2401 endo
831 2346 899 2417 fiat,
923 2367 941 2398 a
954 2340 1100 2414 frumento
1115 2348 1249 2415 protinus

270 2443 321 2486 aut
351 2429 421 2482 c'erte
445 2425 523 2498 faba
555 2425 702 2484 dicendis:
737 2431 848 2502 quando
887 2430 938 2486 alii
961 2419 1150 2501 praestantior
1179 2448 1248 2488 usus

269 2515 305 2568 ab
330 2517 364 2566 iis
379 2524 498 2566 nonest.
534 2517 573 2565 Ita
588 2515 717 2565 editiones
736 2516 861 2566 exhibent
873 2517 995 2584 antiquae
1009 2515 1098 2576 verba,
1112 2532 1129 2569 a
1145 2515 1248 2570 criticis

269 2613 368 2653 temere
389 2598 514 2648 distracta
538 2609 565 2649 et
584 2599 726 2650 immutata.
760 2601 831 2650 Cael.
855 2600 942 2654 nutet.
967 2599 999 2653 de
1026 2609 1093 2652 aeut.
1115 2601 1247 2669 morbi,

268 2685 294 2747 9,
315 2681 357 2735 64.
374 2687 464 2738 maior
486 2687 559 2737 enim
581 2683 616 2738 ab
644 2684 824 2752 intemporali
846 2701 942 2740 somno
968 2683 1129 2756 vigiliarum
1146 2696 1248 2739 estve·

269 2765 556 2833 xasfc.1,15,134.
583 2767 650 2841 quid
666 2767 841 2839 gravabilius
857 2769 894 2822 ab
912 2769 971 2834 isis,
1001 2769 1269 2840 quaeadbibendn·

270 2853 426 2924 confirmas·
463 2855 534 2914 Quae
564 2853 585 2904 si
612 2855 821 2925 comparaveris,
854 2873 908 2909 non
933 2854 1062 2914 dubitabis
1086 2855 1165 2906 etiam
1194 2856 1248 2908 huc

268 2940 428 3002 referrffl,
453 2938 484 3002 1,
508 2937 534 2990 2,
559 2950 587 2992 et
612 2951 654 2992 est
679 2943 888 3010 comparutions
924 2943 1039 3011 gravior
1071 2938 1246 3010 phreneticis,

268 3046 325 3079 non
342 3024 425 3078 aliter
448 3041 529 3094 quant
554 3034 669 3092 negatus
690 3027 805 3109 initote
834 3027 910 3076 visus
937 3023 972 3077 ab
1001 3043 1035 3078 ex
1059 3037 1139 3094 parte
1160 3029 1246 3096 impe-

198 3163 207 3178 „
269 3111 341 3164 clito.
366 3129 426 3160 nam
444 3127 533 3179 sensus
549 3107 687 3158 verborum
718 3118 771 3158 est:
800 3125 854 3158 non
872 3111 949 3161 aliter
967 3127 1043 3183 quani
1063 3112 1090 3160 in
1113 3119 1171 3161 toto
1194 3130 1246 3162 ne-

268 3207 342 3265 gatus
357 3196 428 3245 visus
447 3193 552 3260 gravior
568 3203 607 3244 est
623 3213 655 3244 ex
670 3201 744 3262 parte
762 3193 897 3263 impedito.
911 3195 937 3258 2,
952 3195 978 3258 9,
992 3193 1034 3246 30.
1047 3195 1138 3246 aurel.
1155 3196 1244 3248 Chro-

261 3276 421 3342 nic.1,‘4,
441 3275 501 3327 139.
525 3279 642 3326 Donatus
666 3279 695 3328 in
716 3281 823 3334 Terent.
842 3282 938 3348 Hecyr.
960 3281 1032 3331 Prol.
1046 3279 1071 3332 3.
1089 3278 1157 3332 haec
1171 3299 1245 3333 com·

266 3366 378 3433 paratio
393 3364 491 3413 ‘ricinus
511 3381 528 3412 a
551 3366 674 3432 positivo
695 3375 794 3428 sonat,
821 3369 923 3417 etnim
940 3365 1134 3419 diminutivum
1151 3370 1244 3435 expri-

267 3449 325 3500 mit.
360 3448 394 3494 Et
412 3446 450 3500 ita
465 3449 601 3512 Irenaeus,
631 3468 676 3502 seu
694 3451 738 3518 qui
755 3451 835 3502 vertit
853 3450 922 3524 illius
937 3453 1019 3502 libros
1035 3462 1128 3502 contra
1144 3451 1242 3503 haere-

268 3551 325 3592 ses,
356 3532 462 3598 Capella
487 3533 591 3600 aliique.
626 3535 761 3586 Nonnulla
785 3535 862 3585 affert
885 3554 899 3586 e
922 3535 1055 3586 codicibus
1079 3537 1245 3590 restituenda

217 3625 221 3638 ·
266 3617 405 3666 Salmasius
428 3617 461 3667 ud
481 3617 589 3684 Vopisci
612 3619 697 3672 (laria.
717 3619 757 3689 19.
781 3639 807 3687 p.
829 3618 888 3671 826.
912 3621 974 3672 edit.
995 3621 1078 3672 Hack.
1101 3622 1129 3671 in
1149 3623 1243 3689 quibus

267 3706 353 3754 tamen
374 3701 451 3753 dubia
469 3712 508 3752 est
532 3686 752 3771 scriptura-apud
770 3707 881 3758 Varrou.
901 3704 1077 3758 delle‘llust.
1101 3707 1132 3770 1,
1149 3707 1176 3769 2,
1199 3705 1242 3762 16.

267 3789 394 3858 quocirca
415 3797 443 3838 et
462 3788 578 3838 succinit
601 3787 763 3855 partemii,
800 3789 874 3860 quod
902 3801 944 3843 est
960 3787 1088 3863 inferior,
1114 3802 1146 3843 nt
1169 3789 1243 3843 tibia

265 3874 379 3924 sinistra
414 3891 433 3922 a
458 3869 573 3922 dextrae
595 3868 798 3940 foraminibus.
831 3874 960 3925 Videntur
978 3875 1047 3925 enim
1071 3874 1136 3926 haec
1160 3875 1242 3925 verba

267 3967 383 4006 extrema
401 3975 419 4007 a
442 3953 556 4007 dextras
576 3953 768 4024 foraminibus
796 3961 829 4010 ab
852 3960 937 4010 aliena
960 3976 1036 4008 manu
1055 3959 1157 4009 adiecta
1175 3975 1241 4012 esse.

265 4041 342 4104 Quod
365 4050 453 4100 eutem
478 4041 529 4092 huc
553 4027 671 4092 referunt
690 4043 743 4093 Gic.
769 4043 801 4093 de
821 4047 893 4094 Orat.
920 4043 953 4102 2,
974 4041 1023 4104 70,
1047 4040 1108 4094 285.
1136 4041 1173 4094 ab
1188 4039 1254 4094 doc'
1331 4099 1332 4106 ¹

265 4129 329 4188 uero
363 4126 463 4216 Crasse
498 4125 571 4185 silut
597 4122 732 4196 facetius.
763 4143 869 4196 prorsus
905 4127 1029 4180 abhorret
1059 4145 1074 4177 a
1106 4127 1240 4180 Ciceronis
1331 4139 1332 4173 i
