2726 4746
1125 183 1135 211 r
1157 177 1160 185 1

572 312 698 406 nevo.
1059 289 1259 422 ‘41ss

174 496 347 570 'apiscendae
379 501 470 580 otium
493 495 571 568 apud
585 494 746 562 sitiendum,
783 493 945 574 magistrum
969 489 1174 576 Thrasyllum*
1228 525 1243 543 a

175 582 286 639 habuit,
318 580 352 646 4,
380 583 422 637 13.
457 591 488 635 ut
514 583 624 658 ciuitati
654 583 832 656 Cibyraticae
855 586 933 656 apud
957 589 1082 653 Auum,-
1097 593 1152 646 Ae·

74 691 75 695 ¹
173 673 268 743 giensi
301 667 381 740 apud
415 666 551 722 Achaiam
574 695 610 709 -
634 667 823 723 subveniretur
855 672 1013 729 remissione
1044 673 1152 731 tributi·

177 758 284 808 Sueton.
302 758 367 822 Aug.
385 753 427 806 92.
444 752 523 822 apud
544 751 663 808 insulam
694 755 814 823 Capreas
834 761 995 814 veterrimae
1016 759 1088 816 ilicis
1106 762 1152 816 de·

176 842 278 894 missos
296 840 351 892 iam
371 837 411 892 ad
434 848 534 892 terram
557 838 774 912 languentesque
796 857 890 895 ramos
915 845 1087 900 convaluisse
1102 846 1152 900 ad·
1214 905 1219 918 ¹

175 937 262 980 ventu
279 938 345 990 suo,
370 923 441 978 adeo
461 923 583 977 laetatus
601 935 658 988 est,
684 935 715 976 at
738 936 789 978 etc.
829 927 1152 1001 Vespae.5.apnd1u·
1225 991 1230 1000 ι

178 1013 294 1068 ἀασαηι.Ι
320 1003 680 1083 93Ᾰοψιιάᾙίενοεοὶγηια.
714 1005 854 1088 Tuast-An.
870 1013 904 1078 3,
924 1013 965 1068 71.
979 1019 1023 1070 ita
1048 1016 1153 1070 donum

175 1097 257 1170 apud
274 1097 390 1150 Antium
410 1096 552 1150 statuitur.
586 1099 696 1174 Eutrop.
722 1095 814 1161 7,13.
833 1095 935 1170 sactus
952 1102 1030 1172 apud
1053 1103 1153 1158 Palae·

176 1185 280 1237 stinam
300 1185 460 1252 imperator.
494 1183 614 1234 Lactant.
634 1182 666 1234 de
686 1183 766 1236 Mort,
785 1185 854 1237 Bere.
869 1183 913 1236 48.
931 1203 1013 1259 qucum
1024 1183 1154 1262 felicitat·

178 1277 306 1338 tam'ego
333 1269 531 1322 Constantinus
555 1270 714 1338 Augustus,
745 1287 827 1340 quam
847 1271 933 1322 etiam
950 1289 1001 1343 ego
1023 1273 1154 1327 Licinius

177 1355 324 1424 Angustus
349 1349 427 1421 apud
450 1351 655 1406 Mediolanum
675 1353 903 1406 convenissemus.
940 1358 1049 1410 Orosius
1066 1357 1093 1422 7,
1109 1356 1156 1411 40.
1215 1343 1217 1358 Ι

177 1438 257 1510 apud
283 1437 441 1492 Brittanias
472 1435 628 1491 Gtatianus
652 1441 794 1508 municeps
821 1439 943 1493 eiusdem
971 1441 1079 1497 insulae
1107 1455 1154 1514 ty·

162 1525 276 1578 ¹raisnus
297 1534 404 1576 creatur
420 1533 448 1577 et
465 1521 607 1576 occiditur.
643 1525 714 1576 Sext.
732 1524 816 1598 liuius
834 1528 908 1576 Brev.
927 1525 953 1579 7.
973 1525 1075 1600 legatis
1097 1529 1154 1589 Iiu-

148 1629 152 1636 ν
178 1595 324 1662 maeotim
341 1606 421 1675 apud
445 1606 606 1662 correctum
623 1607 751 1662 violans.
776 1609 828 1662 vsu.
849 1611 955 1678 celiani
973 1613 1028 1666 sno.
1045 1615 1157 1684 eutrop.

177 1706 205 1748 et
222 1695 281 1746 Gur.
298 1703 367 1764 post.
384 1691 493 1762 paulu.
515 1691 607 1760 (289).
640 1695 855 1760 Βῆηεωαηη.,ε1
881 1697 1026 1751 Heumann.
1047 1700 1082 1751 ad
1098 1701 1157 1751 La·-

175 1790 256 1833 ctant.
274 1777 299 1844 1,
318 1778 362 1841 21,
380 1779 405 1830 1.
424 1789 451 1830 et
471 1779 503 1830 de
518 1781 587 1830 Pers.
607 1789 685 1832 mort.
705 1777 749 1833 48.
784 1781 824 1830 Ex
837 1781 879 1832 hie
895 1791 978 1850 patet,
993 1783 1063 1834 hunc
1080 1775 1201 1848 usum,
1235 1837 1237 1845 ,

176 1883 232 1920 nou
255 1864 372 1917 coerceri
391 1883 439 1934 per
463 1863 600 1916 notionem
623 1881 752 1933 personae
773 1865 953 1934 reconditam,
979 1868 1053 1936 quasi
1075 1862 1156 1940 apisci
1223 1884 1229 1897 ‘

175 1951 277 2009 Asiain
301 1951 336 2001 sit
353 1951 422 2019 apud
445 1950 584 2002 Asiaticos.
624 1951 710 2004 Tacit.
735 1951 805 2006 Hist.
827 1951 859 2015 1,
878 1947 921 2002 49.
948 1951 1013 2006 dunc
1039 1952 1156 2025 uigebat

177 2025 274 2101 astas,
300 2036 419 2091 militari
443 2035 527 2090 laude
547 2034 626 2107 apud
662 2033 829 2090 Germanias
850 2033 961 2105 floruit.
995 2039 1102 2108 Bulplius
1125 2037 1176 2092 in'

177 2124 314 2177 observat.
332 2122 365 2174 da
382 2121 470 2174 Taciti
487 2121 550 2172 stilo
571 2127 598 2189 p.
614 2117 658 2172 56.
684 2121 762 2190 apud
785 2120 951 2176 Germanias
976 2121 1028 2174 dici
1046 2133 1122 2192 putat
1138 2141 1155 2176 a

176 2209 254 2262 bellis
279 2207 307 2257 in
333 2207 397 2276 ipsis
424 2205 580 2286 Germaniae
606 2205 725 2258 confiniis
750 2209 839 2274 gestie.
880 2189 958 2278 Quiod
983 2209 1052 2260 miro
1074 2209 1154 2261 modo
1260 2270 1262 2279 ‚

177 2309 327 2364 expressum
344 2299 422 2343 osset.
461 2289 630 2344 Germaniae
649 2291 771 2344 dicuntur
789 2309 837 2362 pso
855 2293 1001 2356 Germanis,
1023 2293 1154 2362 quomodo

178 2380 370 2438 Brittanniae,
401 2373 526 2429 Galliae.
544 2375 598 2426 vid.
615 2377 709 2427 Catull.
729 2376 780 2442 29,
797 2379 856 2436 20st
881 2388 971 2448 estque
984 2371 1162 2442 'Tacitisenz

179 2464 280 2532 tentia,
308 2462 419 2513 Galbam
438 2475 496 2512 cum
512 2460 621 2512 militari
638 2461 715 2514 lande
733 2463 762 2513 in
781 2463 920 2514 Germania
939 2453 1069 2515 uersatum
1089 2481 1155 2523 sese.

192 2589 244 2652 11.
273 2581 313 2646 Iu
328 2579 525 2668 quibusdam
546 2578 976 2668 dictionibus,'praesertim
992 2579 1080 2667 apud
1100 2577 1155 2678 pe·
1247 2663 1249 2668 Ι

105 2669 271 2737 contiones
301 2669 500 2752 scriptores,
540 2668 703 2745 occurrit,
740 2667 776 2730 in
804 2667 922 2754 quibus
951 2663 1154 2752 frequentius

102 2755 190 2846 poni
205 2755 291 2828 solet
308 2750 357 2816 ud
374 2751 415 2816 da
436 2752 511 2838 ipso
527 2751 616 2818 loco.
663 2752 704 2816 In
724 2752 795 2816 aliis
817 2751 972 2818 formulis
996 2751 1157 2840 explicari
1236 2816 1238 2822 ,
1287 2795 1289 2800 -

102 2837 360 2932 mmmm
457 2899 459 2910 ,
996 2871 998 2878 ·

212 2979 319 3052 δαμίου.
343 2977 409 3042 Aug.
435 2970 479 3030 35.
507 2983 540 3028 ut
566 3001 602 3015 -
628 2971 706 3032 tiuare
730 2985 759 3030 et
778 2992 852 3030 mero
881 2969 1053 3046 supplicaret
1077 2971 1156 3047 apud

177 3081 256 3116 aram
273 3063 333 3114 eius
354 3061 415 3123 dei,
436 3060 465 3112 in
485 3062 561 3116 caius
580 3059 686 3131 templo
713 3063 840 3117 coiretur.
875 3062 980 3131 leian.
1003 3062 1032 3112 iu
1054 3062 1157 3128 Dignst.

177 3145 231 3208 48,
250 3145 298 3210 19,
313 3144 347 3210 9,
365 3146 390 3198 2.
409 3155 505 3215 potest
521 3155 550 3200 et
561 3149 607 3209 ita
634 3145 763 3202 interdici
781 3147 842 3210 cui,
867 3165 902 3201 ne
923 3133 1006 3224 'apud
1033 3134 1163 3200 tribunai'

142 3231 145 3236 ’
177 3229 319 3304 praesidis
333 3220 468 3302 postuiet·
600 3218 604 3226 ¹
1124 3221 1126 3226 Α

214 3340 322 3392 Sueten.
342 3337 420 3390 Dom.
438 3333 465 3386 9.
491 3336 540 3406 qui
562 3333 641 3406 apud
657 3337 795 3398 aerarium
819 3335 1028 3408 pependissent.
1051 3333 1095 3387 de
1112 3331 1155 3398 iis,

179 3441 289 3493 quocum
303 3423 409 3474 nomina
427 3421 456 3472 iu
472 3419 574 3473 aerario
591 3421 739 3490 penderent
762 3421 831 3473 aeris
848 3421 928 3474 alieni
943 3439 1042 3475 caussa.

195 3547 247 3606 12.
270 3541 414 3605 'Animus
431 3561 535 3626 quum
555 3559 653 3628 saepe
673 3539 717 3603 ita
741 3537 959 3625 intelligatur,
984 3549 1156 3624 tamquam

96 3649 289 3718 personam
304 3627 337 3690 iu
356 3625 453 3688 nobie
470 3636 560 3710 agat,
581 3625 688 3690 Latini
706 3623 967 3690 honorationem
982 3625 1017 3688 in
1032 3623 1156 3711 loquu-
1232 3642 1235 3661 ·

105 3711 256 3778 tionibus
280 3710 449 3776 nonnullis
472 3711 620 3774 adhibito
644 3711 807 3775 vocabulo
835 3709 930 3798 apud
953 3711 1157 3796 exprimunt,
1189 3771 1193 3778 ,

104 3799 251 3885 ideoque
266 3798 380 3864 dicunt
396 3793 491 3881 opud
505 3796 660 3860 animum
677 3808 847 3881 statuere,
863 3816 1068 3882 proponere.

213 3934 274 3986 Liu·
287 3931 341 3996 34,
355 3922 435 3998 2,’4.
452 3941 537 4003 atque
553 3949 606 4004 ego
625 3936 674 3986 uix
694 3943 815 3988 statuere
831 3932 910 4005 apud
926 3937 1049 3988 animum
1067 3947 1156 3982 meum

177 4037 306 4089 possum,
334 4032 426 4072 utrum
448 4022 528 4088 peior
552 4021 617 4088 ipsa
645 4035 702 4083 res,
727 4038 764 4070 an
781 4024 878 4090 peiore
895 4014 1023 4090 exemplo
1043 4027 1155 4087 agatur.

102 4167 105 4172 Ι
177 4103 211 4166 6,
228 4102 327 4170 39,11.
345 4103 463 4173 proinde
481 4105 537 4172 ipsi
553 4105 674 4172 primurn
688 4111 840 4156 statuerent
857 4104 935 4174 apud
953 4105 1071 4161 animos,
1088 4097 1159 4172 quid

176 4181 293 4245 veilent.
329 4190 455 4260 (Sallust.)
485 4189 519 4242 de
540 4183 929 4258 octin.1tep.up.t‚6‚u
956 4185 1082 4262 equidem
1101 4185 1157 4258 ega*
