2662 4744
444 301 447 306 ¹
493 288 659 364 atrata
725 265 727 267 ’
777 383 783 390 ι
1031 291 1096 362 aaa

43 451 137 528 pere
152 447 284 521 curant,
305 439 531 526 nequaullam
543 453 673 532 partem
690 441 893 536 abruptam,
905 458 961 514 ant
973 467 1044 514 non
1057 450 1094 514 in

41 545 162 590 unum
178 546 255 590 cum
273 527 387 592 cetaria
402 525 605 616 colligatam,
628 540 684 596 aut
707 553 778 596 non
800 531 841 596 ad
863 529 940 600 alias
953 555 1014 619 per
1028 555 1093 622 op·

37 611 256 699 positionem
271 611 408 676 relatam
419 633 492 680 ,csse
506 615 628 680 sinunt.
671 615 797 696 Quare,
812 625 849 680 ut
865 627 1003 699 constat,
1023 618 1093 685 fre-

40 696 289 782 quentissimus
313 696 490 784 particulae
516 721 593 766 usas
608 709 656 766 cet
670 701 891 782 inGiccronis
905 701 995 768 libris
1012 702 1092 790 phi·

39 779 235 868 losophicis
260 791 294 846 ct
319 781 513 866 rhetoricis,
533 785 642 852 rarior
664 785 700 866 in
724 785 927 852 orationibus
948 795 982 852 et
1004 789 1092 878 apud

38 869 243 953 Gaesarem,
265 867 451 933 rarissimus
471 867 560 958 apud
574 869 754 950 ¹Tacitum,
779 873 1016 961 proculusque
1038 873 1091 942 di·

32 973 147 1021 verso
165 973 283 1040 genera
300 951 442 1021 diandt
777 993 781 1001 ‚

154 1071 306 1134 GimAcad.
321 1067 355 1140 2,
373 1069 407 1141 2,
426 1072 454 1126 4.
477 1091 548 1147 quae
571 1073 706 1148 populari
727 1074 821 1150 gloria
842 1073 968 1132 decorari
983 1079 1013 1132 in
1030 1076 1091 1134 La·
1145 1119 1149 1124 -

118 1155 197 1212 callo
215 1155 364 1212 debuerat
370 1195 379 1224 ,
396 1177 430 1212 ea
442 1153 511 1228 fore
526 1171 592 1214 sunt
611 1173 640 1218 et
658 1162 764 1236 geneda
785 1161 888 1218 litteris
904 1153 1043 1216 celebrata
1059 1175 1091 1218 et

116 1241 224 1298 latinis.
259 1240 322 1295 Nos
337 1251 429 1296 autem
445 1242 499 1299 illa
518 1255 633 1301 externa
656 1267 716 1302 cum
732 1245 845 1311 multis,
869 1245 936 1300 baec
955 1249 1089 1302 interiora

75 1323 80 1332 ’
117 1347 180 1383 cum
196 1328 296 1400 paucis
311 1343 346 1380 er
362 1329 425 1398 ipso
450 1343 535 1401 caepe
553 1333 742 1403 cognocimus.
778 1332 841 1386 Nos
858 1331 999 1400 opponitur
1017 1333 1089 1385 nulla
1147 1335 1149 1344 '

114 1413 280 1470 restrictione
297 1412 514 1479 antecedentiam,
529 1415 581 1466 sed
596 1433 629 1468 ex
648 1415 731 1468 altera
748 1424 849 1466 tantum
864 1426 940 1484 parte
957 1426 1088 1486 tamquam

115 1515 212 1552 novum
235 1497 383 1566 apponitur.
416 1497 450 1561 2,
473 1495 523 1563 42,
546 1497 610 1552 131.
641 1497 695 1554 alii
718 1499 897 1570 voluptatem
914 1499 1005 1569 finem
1029 1517 1089 1555 esse

115 1581 263 1638 voluerunt
280 1597 342 1632 -.’
362 1579 545 1651 Voluptatem
562 1594 656 1638 autem
677 1593 707 1639 et
731 1583 902 1639 honestatem
919 1581 1010 1654 finem
1029 1601 1088 1640 esse

121 1663 253 1738 Callipho
278 1667 390 1721 cenauit.
425 1667 469 1718 ubi
494 1669 565 1720 conf.
585 1669 713 1722 (iocrenn.
739 1671 813 1720 Orat.
833 1667 866 1734 5,
887 1659 928 1720 18.
947 1665 1088 1723 insidebat

112 1747 246 1808 videlicet
270 1753 301 1805 in
325 1753 383 1804 eiras
406 1760 495 1806 mente
513 1755 618 1822 speeies
634 1751 827 1828 eloquentiae,
852 1771 934 1824 quam
961 1750 1087 1806 cernebat
1181 1801 1184 1818 ,
1215 1775 1218 1782 ·

115 1838 226 1898 animo,
250 1853 279 1888 re
302 1838 366 1906 ipsa
392 1843 451 1888 non
474 1835 617 1890 videbat*
640 1831 691 1893 Vir
712 1849 806 1892 aretem
823 1841 954 1892 acerrimo
973 1839 1085 1908 ingenio

35 1931 37 1936 '
119 1924 173 1990 (ric
193 1923 265 1976 enim
284 1915 473 1992 fuitimulta
490 1929 520 1974 et
535 1924 613 1975 in‘se
630 1932 658 1975 et
674 1925 703 1976 in
722 1920 981 1986 aliisdesiderans,
1002 1924 1087 1976 nemi·
1128 1943 1129 1948 ¹

95 2068 99 2076 ἱ
116 2025 179 2063 nem
193 2005 288 2076 plane,
300 2003 348 2076 qui
363 2008 435 2058 recte
451 2003 595 2076 appellari
611 2004 742 2078 eloquens
759 2016 873 2078 posset,
884 2001 1006 2058 videbat·
1022 2005 1084 2058 Dici

111 2101 218 2166 poterat
236 2100 265 2146 et
280 2090 324 2142 vir
340 2090 470 2144 acerrimo
489 2091 617 2162 ingenio,
642 2100 673 2140 nt
687 2107 735 2142 noa
754 2089 878 2142 Germani
891 2089 1018 2142 solemne:
1038 2089 1085 2163 aed

45 2203 51 2208 ·
112 2189 208 2234 autem
226 2175 329 2226 adiecto
345 2188 440 2226 nomen
456 2177 512 2230 viri
533 2175 664 2248 acerrimo
689 2176 801 2244 ingenio
824 2175 922 2227 lumine
942 2174 1083 2242 distingui-

111 2273 168 2317 tur:
190 2259 303 2312 'Gornel
321 2260 389 2327 Nep.
405 2258 485 2310 atne.
509 2263 542 2324 1,
561 2259 587 2312 2.
608 2255 654 2311 hic
673 2257 768 2328 (pater)
787 2269 871 2328 prout
891 2263 952 2330 ipre
969 2256 1084 2312 amabat

112 2348 240 2408 litterae,
260 2339 397 2396 ⁴ortantibus
412 2341 559 2403 doctrinis,
586 2339 682 2412 quibus
706 2341 823 2414 puerilis
845 2353 922 2398 aetas
946 2342 1084 2413 impertiri

111 2431 203 2496 debet,
214 2427 313 2499 filiam
331 2425 459 2483 erudivit.
494 2426 569 2484 Erat
585 2437 680 2482 autem
696 2431 726 2486 in
743 2445 828 2501 puero
849 2455 883 2470 -
897 2443 1003 2482 samara
1020 2443 1082 2482 aaa·

97 2514 257 2574 vitatoria
275 2523 326 2567 etc.

142 2632 231 2690 Etiam
247 2631 468 2701 interrogationes
487 2631 555 2684 hanc
571 2633 682 2685 formam
698 2633 836 2702 recipiant.
865 2632 919 2686 Cic.
935 2649 963 2700 p.
978 2629 1080 2683 eluant

110 2719 165 2788 60,
184 2718 243 2772 167.
263 2716 330 2792 qaid
348 2735 479 2788 amquam
492 2717 595 2772 Avitus
612 2721 641 2773 in
657 2735 687 2773 se
704 2717 835 2779 admisit,
854 2727 886 2770 at
902 2714 954 2768 loc
971 2724 1081 2768 tantum

109 2803 148 2862 ab
168 2797 333 2874 eo'facinuc
355 2819 411 2854 non
428 2798 572 2858 abliorrere
587 2801 737 2858 videatur?
763 2799 830 2874 quid
854 2810 947 2856 autem
967 2815 1081 2870 magno·

107 2911 174 2965 pere
204 2887 391 2961 Oppianicum
412 2885 570 2954 metuebat,
594 2907 676 2962 quum
701 2885 751 2941 ille
775 2884 887 2941 verbum
912 2885 1024 2940 omnino
1049 2886 1080 2941 in

108 2975 162 3033 hac
178 2977 242 3046 ipsa
258 2988 355 3026 caussa
371 2969 479 3026 nullam
488 2967 589 3043 faeere
607 2971 752 3044 potuerit?

140 3093 232 3145 Cicero
260 3091 343 3142 iniis
368 3091 459 3158 libris,
484 3090 576 3159 quibus
600 3083 746 3144 doctrinam
769 3087 894 3156 tradidit,
920 3104 1008 3142 rerum
1025 3087 1076 3140 de-

106 3175 296 3233 monstratione
318 3191 367 3244 per
391 3175 540 3226 continuam
565 3177 793 3230 ratiocinationem
812 3174 987 3244 procedente,
1016 3173 1077 3226 fre·

105 3261 274 3334 quentissime
296 3259 451 3330 particulam
474 3263 623 3330 usurpavit,
653 3279 729 3332 quam
753 3259 815 3314 haic
838 3259 962 3312 dictionis
987 3255 1078 3326 generi

104 3349 240 3421 propriam
262 3346 429 3412 assignamus.
458 3346 493 3421 *In
510 3347 672 3400 orationibus
689 3357 793 3416 praeter
813 3344 935 3414 quasdam
952 3342 1078 3396 formulae

80 3461 81 3465 =
103 3443 134 3488 et
159 3430 368 3485 conitmctioncm
394 3429 466 3480 illam
489 3432 687 3498 pronominum,
714 3431 800 3482 rarior
826 3439 868 3480 eat
895 3447 971 3495 osas,
998 3443 1076 3496 quam

103 3519 227 3572 rhetores
246 3525 273 3567 et
289 3515 450 3583 grammatici
467 3517 788 3580 veteres'existirnahant,
807 3515 851 3584 qui
871 3532 949 3582 qnnm
967 3511 1075 3579 elegan-

102 3604 168 3654 tiam
185 3599 298 3669 aliquam
316 3602 466 3653 observasse
485 3601 535 3653 sibi
555 3601 605 3656 risi
622 3611 724 3666 essent,
751 3597 935 3662 multoslocos
954 3598 1075 3666 interpo-

101 3689 231 3740 laverunt.
265 3685 354 3740 Veluti
374 3686 404 3736 in
423 3685 542 3738 oratione
566 3703 615 3756 pro
636 3685 733 3738 Archia
757 3683 885 3754 particula
909 3683 989 3736 semel
1004 3693 1088 3734 tana

103 3783 176 3836 tum,
198 3771 226 3822 in
245 3771 365 3824 oratione
383 3787 432 3840 pro
452 3769 557 3837 Ligario
576 3780 618 3821 tcr
638 3771 750 3838 legitur,
776 3769 848 3821 etin
867 3753 1074 3837 interrogatione

101 3855 208 3927 quidem
235 3863 262 3908 et
288 3873 345 3907 cnm
370 3855 524 3922 pronomine
548 3855 695 3909 coniuncta.
737 3857 769 3906 In
794 3852 946 3922 Philippicis
971 3849 1072 3918 saepius

100 3939 234 4004 occurrit,
251 3939 322 4009 qood
339 3937 428 3990 nescio
451 3955 485 3992 an
503 3939 684 3991 consuetudini
705 3938 818 3990 oratoris
838 3939 952 3990 mutatae
968 3933 1072 3986 tribue-

100 4026 168 4080 rim:
186 4041 246 4077 nam
261 4026 291 4078 in
310 4025 344 4086 iis
360 4025 638 4094 multa‘reperiuntur‚
665 4041 730 4093 quae
751 4023 904 4078 Ciceronem
922 4027 1072 4073 senescente

103 4120 191 4168 aetate
206 4109 398 4184 philosophicis
416 4109 509 4164 studiis
527 4119 679 4182 occupatam
697 4107 795 4176 tuisse,
815 4107 893 4196 etiam
906 4105 940 4160 in
957 4101 1072 4158 dictim
