<?xml version="1.0" encoding="UTF-8"?>
<!DOCTYPE html PUBLIC "-//W3C//DTD XHTML 1.0 Transitional//EN"
    "http://www.w3.org/TR/xhtml1/DTD/xhtml1-transitional.dtd">
<html xmlns="http://www.w3.org/1999/xhtml" xml:lang="en" lang="en">
 <head>
  <title>
</title>
<meta http-equiv="Content-Type" content="text/html;charset=utf-8" />
  <meta name='ocr-system' content='tesseract 3.04.00' />
  <meta name='ocr-capabilities' content='ocr_page ocr_carea ocr_par ocr_line ocrx_word'/>
</head>
<body>
  <div class='ocr_page' id='page_1' title='image "./ferdinandihandi00torsgoog_0496.png"; bbox 0 0 2726 4746; ppageno 0'>
   <div class='ocr_carea' id='block_1_1' title="bbox 181 460 1291 1376">
    <p class='ocr_par' dir='ltr' id='par_1_1' title="bbox 286 460 1291 792">
     <span class='ocr_line' id='line_1_1' title="bbox 286 460 1291 540; baseline 0.001 -20"><span class='ocrx_word' id='word_1_1' title='bbox 286 483 369 534; x_wconf 78' lang='lat' dir='ltr'><strong>,sane</strong></span> <span class='ocrx_word' id='word_1_2' title='bbox 396 463 449 519; x_wconf 77' lang='lat' dir='ltr'><strong>boo</strong></span> <span class='ocrx_word' id='word_1_3' title='bbox 475 460 511 518; x_wconf 87' lang='lat' dir='ltr'><strong>de</strong></span> <span class='ocrx_word' id='word_1_4' title='bbox 534 465 637 516; x_wconf 80' lang='lat' dir='ltr'><strong>uostris</strong></span> <span class='ocrx_word' id='word_1_5' title='bbox 658 460 792 529; x_wconf 84' lang='lat' dir='ltr'><strong>aedibus,</strong></span> <span class='ocrx_word' id='word_1_6' title='bbox 821 481 857 518; x_wconf 84' lang='lat' dir='ltr'><strong>ac</strong></span> <span class='ocrx_word' id='word_1_7' title='bbox 880 480 936 516; x_wconf 83' lang='lat' dir='ltr'><strong>non</strong></span> <span class='ocrx_word' id='word_1_8' title='bbox 961 463 997 518; x_wconf 84' lang='lat' dir='ltr'><strong>de</strong></span> <span class='ocrx_word' id='word_1_9' title='bbox 1018 463 1142 536; x_wconf 72' lang='lat' dir='ltr'><strong>publicis</strong></span> <span class='ocrx_word' id='word_1_10' title='bbox 1159 471 1291 540; x_wconf 84' lang='lat' dir='ltr'><strong>templis.</strong></span> 
     </span>
     <span class='ocr_line' id='line_1_2' title="bbox 300 523 1291 623; baseline 0.004 -19"><span class='ocrx_word' id='word_1_11' title='bbox 300 571 328 622; x_wconf 88' lang='lat' dir='ltr'><strong>p.</strong></span> <span class='ocrx_word' id='word_1_12' title='bbox 345 553 423 604; x_wconf 80' lang='lat' dir='ltr'><strong>Rosc.</strong></span> <span class='ocrx_word' id='word_1_13' title='bbox 438 553 495 602; x_wconf 78' lang='lat' dir='ltr'><strong>Am.</strong></span> <span class='ocrx_word' id='word_1_14' title='bbox 513 547 565 614; x_wconf 85' lang='grc'><strong>88,</strong></span> <span class='ocrx_word' id='word_1_15' title='bbox 589 523 633 601; x_wconf 76' lang='grc'>92.</span> <span class='ocrx_word' id='word_1_16' title='bbox 658 551 740 620; x_wconf 79' lang='lat' dir='ltr'><strong>quasi</strong></span> <span class='ocrx_word' id='word_1_17' title='bbox 754 569 825 602; x_wconf 80' lang='lat' dir='ltr'><strong>nurse</strong></span> <span class='ocrx_word' id='word_1_18' title='bbox 852 547 882 602; x_wconf 85' lang='lat' dir='ltr'><strong>id</strong></span> <span class='ocrx_word' id='word_1_19' title='bbox 907 561 1026 622; x_wconf 82' lang='lat' dir='ltr'><strong>agutur,</strong></span> <span class='ocrx_word' id='word_1_20' title='bbox 1054 555 1116 623; x_wconf 75' lang='lat' dir='ltr'><strong>quis</strong></span> <span class='ocrx_word' id='word_1_21' title='bbox 1140 573 1177 606; x_wconf 78' lang='lat' dir='ltr'><strong>ex</strong></span> <span class='ocrx_word' id='word_1_22' title='bbox 1206 567 1291 608; x_wconf 84' lang='lat' dir='ltr'><strong>tanta</strong></span> 
     </span>
     <span class='ocr_line' id='line_1_3' title="bbox 300 633 1290 706; baseline 0.003 -16"><span class='ocrx_word' id='word_1_23' title='bbox 300 635 482 690; x_wconf 77' lang='lat' dir='ltr'><strong>multitudiue</strong></span> <span class='ocrx_word' id='word_1_24' title='bbox 502 633 650 697; x_wconf 86' lang='lat' dir='ltr'><strong>occiderit,</strong></span> <span class='ocrx_word' id='word_1_25' title='bbox 672 653 707 686; x_wconf 82' lang='lat' dir='ltr'><strong>ac</strong></span> <span class='ocrx_word' id='word_1_26' title='bbox 732 651 789 688; x_wconf 82' lang='lat' dir='ltr'><strong>nou</strong></span> <span class='ocrx_word' id='word_1_27' title='bbox 812 633 864 688; x_wconf 81' lang='lat' dir='ltr'><strong>boo</strong></span> <span class='ocrx_word' id='word_1_28' title='bbox 886 646 1052 706; x_wconf 76' lang='lat' dir='ltr'><em>quaeratur,</em></span> <span class='ocrx_word' id='word_1_29' title='bbox 1077 657 1140 690; x_wconf 78' lang='lat' dir='ltr'><strong>eum</strong></span> <span class='ocrx_word' id='word_1_30' title='bbox 1163 651 1222 694; x_wconf 83' lang='lat' dir='ltr'><strong>etc.</strong></span> <span class='ocrx_word' id='word_1_31' title='bbox 1257 643 1290 693; x_wconf 84' lang='lat' dir='ltr'><strong>de</strong></span> 
     </span>
     <span class='ocr_line' id='line_1_4' title="bbox 298 718 1290 792; baseline 0.004 -17"><span class='ocrx_word' id='word_1_32' title='bbox 298 725 361 775; x_wconf 84' lang='lat' dir='ltr'><strong>Nat.</strong></span> <span class='ocrx_word' id='word_1_33' title='bbox 382 722 408 772; x_wconf 88' lang='lat' dir='ltr'><strong>d.</strong></span> <span class='ocrx_word' id='word_1_34' title='bbox 425 722 458 787; x_wconf 88' lang='grc'><strong>2,</strong></span> <span class='ocrx_word' id='word_1_35' title='bbox 475 721 509 786; x_wconf 98' lang='grc'><strong>6,</strong></span> <span class='ocrx_word' id='word_1_36' title='bbox 527 720 570 773; x_wconf 87' lang='grc'><strong>17.</strong></span> <span class='ocrx_word' id='word_1_37' title='bbox 589 719 623 772; x_wconf 85' lang='lat' dir='ltr'><strong>ad</strong></span> <span class='ocrx_word' id='word_1_38' title='bbox 639 719 742 783; x_wconf 72' lang='lat' dir='ltr'><strong>Atel,</strong></span> <span class='ocrx_word' id='word_1_39' title='bbox 767 718 809 771; x_wconf 97' lang='grc'><strong>16.</strong></span> <span class='ocrx_word' id='word_1_40' title='bbox 826 737 907 774; x_wconf 82' lang='lat' dir='ltr'><strong>nemo</strong></span> <span class='ocrx_word' id='word_1_41' title='bbox 927 730 1007 786; x_wconf 83' lang='lat' dir='ltr'><strong>erat,</strong></span> <span class='ocrx_word' id='word_1_42' title='bbox 1033 726 1082 792; x_wconf 83' lang='lat' dir='ltr'><strong>qni</strong></span> <span class='ocrx_word' id='word_1_43' title='bbox 1100 723 1184 777; x_wconf 82' lang='lat' dir='ltr'><strong>illum</strong></span> <span class='ocrx_word' id='word_1_44' title='bbox 1200 746 1290 792; x_wconf 82' lang='lat' dir='ltr'><strong>ream,</strong></span> 
     </span>
    </p>

    <p class='ocr_par' dir='ltr' id='par_1_2' title="bbox 181 804 1289 1376">
     <span class='ocr_line' id='line_1_5' title="bbox 181 804 1289 891; baseline 0.001 -32"><span class='ocrx_word' id='word_1_45' title='bbox 181 848 186 859; x_wconf 72' lang='grc'><strong>,</strong></span> <span class='ocrx_word' id='word_1_46' title='bbox 299 826 334 860; x_wconf 87' lang='lat' dir='ltr'><strong>oc</strong></span> <span class='ocrx_word' id='word_1_47' title='bbox 359 825 416 860; x_wconf 86' lang='grc' dir='ltr'><em>ιιοιι</em></span> <span class='ocrx_word' id='word_1_48' title='bbox 439 805 544 862; x_wconf 86' lang='lat' dir='ltr'><strong>millies</strong></span> <span class='ocrx_word' id='word_1_49' title='bbox 570 804 780 860; x_wconf 83' lang='lat' dir='ltr'><strong>condemnatum</strong></span> <span class='ocrx_word' id='word_1_50' title='bbox 806 804 995 891; x_wconf 55' lang='lat' dir='ltr'><strong>arbitraretur.</strong></span> <span class='ocrx_word' id='word_1_51' title='bbox 1037 805 1095 858; x_wconf 72' lang='lat' dir='ltr'><strong>Lis.</strong></span> <span class='ocrx_word' id='word_1_52' title='bbox 1119 807 1155 872; x_wconf 87' lang='grc'><strong>8,</strong></span> <span class='ocrx_word' id='word_1_53' title='bbox 1181 811 1238 875; x_wconf 80' lang='grc'><strong>27,</strong></span> <span class='ocrx_word' id='word_1_54' title='bbox 1263 815 1289 866; x_wconf 76' lang='lat'><strong>2.</strong></span> 
     </span>
     <span class='ocr_line' id='line_1_6' title="bbox 301 873 1289 964; baseline 0.003 -16"><span class='ocrx_word' id='word_1_55' title='bbox 301 891 489 948; x_wconf 76' lang='lat' dir='ltr'><strong><em>Tarentini-</em></strong></span> <span class='ocrx_word' id='word_1_56' title='bbox 504 873 656 964; x_wconf 58' lang='lat' dir='ltr'><strong>postquam</strong></span> <span class='ocrx_word' id='word_1_57' title='bbox 676 890 821 945; x_wconf 76' lang='lat' dir='ltr'><strong>Romuos</strong></span> <span class='ocrx_word' id='word_1_58' title='bbox 835 889 901 946; x_wconf 83' lang='lat' dir='ltr'><strong>urbe</strong></span> <span class='ocrx_word' id='word_1_59' title='bbox 915 894 1024 964; x_wconf 86' lang='lat' dir='ltr'><strong>potitos</strong></span> <span class='ocrx_word' id='word_1_60' title='bbox 1042 913 1183 963; x_wconf 84' lang='lat' dir='ltr'><strong>accepere,</strong></span> <span class='ocrx_word' id='word_1_61' title='bbox 1206 897 1289 951; x_wconf 78' lang='lat' dir='ltr'><strong>velut</strong></span> 
     </span>
     <span class='ocr_line' id='line_1_7' title="bbox 297 971 1289 1052; baseline 0.004 -20"><span class='ocrx_word' id='word_1_62' title='bbox 297 971 425 1050; x_wconf 81' lang='lat' dir='ltr'><strong>destituti</strong></span> <span class='ocrx_word' id='word_1_63' title='bbox 443 997 477 1031; x_wconf 84' lang='lat' dir='ltr'><strong>uc</strong></span> <span class='ocrx_word' id='word_1_64' title='bbox 493 993 550 1030; x_wconf 85' lang='lat' dir='ltr'><strong>uou</strong></span> <span class='ocrx_word' id='word_1_65' title='bbox 565 977 614 1049; x_wconf 79' lang='lat' dir='ltr'><strong>qui</strong></span> <span class='ocrx_word' id='word_1_66' title='bbox 635 977 693 1047; x_wconf 85' lang='lat' dir='ltr'><strong>ipsi</strong></span> <span class='ocrx_word' id='word_1_67' title='bbox 714 975 924 1043; x_wconf 82' lang='lat' dir='ltr'><strong>destituissent,</strong></span> <span class='ocrx_word' id='word_1_68' title='bbox 949 981 1092 1046; x_wconf 55' lang='lat' dir='ltr'><strong>ineman</strong></span> <span class='ocrx_word' id='word_1_69' title='bbox 1116 979 1289 1052; x_wconf 83' lang='lat' dir='ltr'><strong>Palaepoli-</strong></span> 
     </span>
     <span class='ocr_line' id='line_1_8' title="bbox 296 1059 1288 1134; baseline 0.006 -18"><span class='ocrx_word' id='word_1_70' title='bbox 296 1073 389 1118; x_wconf 83' lang='lat' dir='ltr'><strong>tarsos.</strong></span> <span class='ocrx_word' id='word_1_71' title='bbox 422 1061 456 1128; x_wconf 89' lang='grc'>7,</span> <span class='ocrx_word' id='word_1_72' title='bbox 472 1061 507 1127; x_wconf 95' lang='grc'><strong>8,</strong></span> <span class='ocrx_word' id='word_1_73' title='bbox 525 1061 551 1114; x_wconf 95' lang='grc'>9.</span> <span class='ocrx_word' id='word_1_74' title='bbox 585 1063 694 1114; x_wconf 82' lang='lat' dir='ltr'><strong>Terent.</strong></span> <span class='ocrx_word' id='word_1_75' title='bbox 716 1062 810 1115; x_wconf 76' lang='lat' dir='ltr'><strong>Heaut-</strong></span> <span class='ocrx_word' id='word_1_76' title='bbox 836 1061 871 1126; x_wconf 95' lang='grc'><strong>4,</strong></span> <span class='ocrx_word' id='word_1_77' title='bbox 887 1059 922 1127; x_wconf 94' lang='grc'><strong>4,</strong></span> <span class='ocrx_word' id='word_1_78' title='bbox 949 1062 975 1114; x_wconf 81' lang='grc'>2.</span> <span class='ocrx_word' id='word_1_79' title='bbox 1003 1061 1078 1134; x_wconf 76' lang='lat' dir='ltr'><strong>quod</strong></span> <span class='ocrx_word' id='word_1_80' title='bbox 1102 1065 1128 1116; x_wconf 81' lang='lat' dir='ltr'><strong>ri</strong></span> <span class='ocrx_word' id='word_1_81' title='bbox 1159 1066 1185 1118; x_wconf 87' lang='lat' dir='ltr'><strong>is</strong></span> <span class='ocrx_word' id='word_1_82' title='bbox 1211 1089 1288 1122; x_wconf 81' lang='grc' dir='ltr'><em>ιιιιιισ</em></span> 
     </span>
     <span class='ocr_line' id='line_1_9' title="bbox 293 1143 1286 1220; baseline 0.003 -16"><span class='ocrx_word' id='word_1_83' title='bbox 293 1168 338 1204; x_wconf 86' lang='lat' dir='ltr'><strong>me</strong></span> <span class='ocrx_word' id='word_1_84' title='bbox 355 1147 493 1216; x_wconf 76' lang='lat' dir='ltr'><em>deceperit</em></span> <span class='ocrx_word' id='word_1_85' title='bbox 509 1165 593 1215; x_wconf 77' lang='lat' dir='ltr'><strong>saepe</strong></span> <span class='ocrx_word' id='word_1_86' title='bbox 610 1146 757 1200; x_wconf 80' lang='lat' dir='ltr'><em>obsecrans</em></span> <span class='ocrx_word' id='word_1_87' title='bbox 770 1165 813 1199; x_wconf 88' lang='lat' dir='ltr'><strong>me</strong></span> <span class='ocrx_word' id='word_1_88' title='bbox 833 1156 864 1198; x_wconf 89' lang='lat' dir='ltr'><strong>ut</strong></span> <span class='ocrx_word' id='word_1_89' title='bbox 881 1151 1011 1212; x_wconf 83' lang='lat' dir='ltr'><strong>veniam.</strong></span> <span class='ocrx_word' id='word_1_90' title='bbox 1029 1143 1148 1220; x_wconf 71' lang='lat' dir='ltr'><strong>frustra</strong></span> <span class='ocrx_word' id='word_1_91' title='bbox 1164 1158 1286 1208; x_wconf 78' lang='lat' dir='ltr'><strong>veniet:</strong></span> 
     </span>
     <span class='ocr_line' id='line_1_10' title="bbox 296 1231 1287 1308; baseline 0.004 -22"><span class='ocrx_word' id='word_1_92' title='bbox 296 1245 348 1290; x_wconf 82' lang='lat' dir='ltr'><strong>aut</strong></span> <span class='ocrx_word' id='word_1_93' title='bbox 373 1251 456 1305; x_wconf 82' lang='lat' dir='ltr'><strong>quum</strong></span> <span class='ocrx_word' id='word_1_94' title='bbox 478 1242 622 1285; x_wconf 76' lang='lat' dir='ltr'><strong>venturam</strong></span> <span class='ocrx_word' id='word_1_95' title='bbox 641 1231 739 1286; x_wconf 79' lang='lat' dir='ltr'><strong>dixero</strong></span> <span class='ocrx_word' id='word_1_96' title='bbox 766 1241 796 1286; x_wconf 87' lang='lat' dir='ltr'><strong>et</strong></span> <span class='ocrx_word' id='word_1_97' title='bbox 818 1237 1050 1292; x_wconf 82' lang='lat' dir='ltr'><strong>constituero·</strong></span> <span class='ocrx_word' id='word_1_98' title='bbox 1079 1235 1224 1308; x_wconf 79' lang='lat' dir='ltr'><strong>decipiam</strong></span> <span class='ocrx_word' id='word_1_99' title='bbox 1250 1262 1287 1295; x_wconf 77' lang='lat' dir='ltr'><strong>ae</strong></span> 
     </span>
     <span class='ocr_line' id='line_1_11' title="bbox 294 1320 493 1376; baseline -0.016 -4"><span class='ocrx_word' id='word_1_100' title='bbox 294 1337 353 1376; x_wconf 81' lang='lat' dir='ltr'><strong>nors</strong></span> <span class='ocrx_word' id='word_1_101' title='bbox 374 1320 493 1372; x_wconf 80' lang='lat' dir='ltr'><strong>versiam.</strong></span> 
     </span>
    </p>
   </div>
   <div class='ocr_carea' id='block_1_2' title="bbox 232 239 1349 852">
    <p class='ocr_par' dir='ltr' id='par_1_3' title="bbox 232 209 1349 852">
     <span class='ocr_line' id='line_1_12' title="bbox 232 239 1349 852; baseline -0.002 -478"><span class='ocrx_word' id='word_1_102' title='bbox 232 310 297 374; x_wconf 84' lang='grc'><strong>474</strong></span> <span class='ocrx_word' id='word_1_103' title='bbox 386 399 391 416; x_wconf 37' lang='lat'><strong><em>¹</em></strong></span> <span class='ocrx_word' id='word_1_104' title='bbox 621 304 786 387; x_wconf 76' lang='lat' dir='ltr'><strong>ATQVE.</strong></span> <span class='ocrx_word' id='word_1_105' title='bbox 827 308 894 372; x_wconf 78' lang='lat' dir='ltr'><strong>AG.</strong></span> <span class='ocrx_word' id='word_1_106' title='bbox 1337 239 1349 852; x_wconf 53' lang='grc'>1</span> 
     </span>
    </p>
   </div>
   <div class='ocr_carea' id='block_1_3' title="bbox 180 1420 1349 1992">
    <p class='ocr_par' dir='ltr' id='par_1_4' title="bbox 293 1420 1349 1652">
     <span class='ocr_line' id='line_1_13' title="bbox 329 1420 1349 1499; baseline 0.007 -25"><span class='ocrx_word' id='word_1_107' title='bbox 329 1423 361 1474; x_wconf 84' lang='lat' dir='ltr'><strong>ld</strong></span> <span class='ocrx_word' id='word_1_108' title='bbox 380 1431 466 1474; x_wconf 82' lang='lat' dir='ltr'><strong>autem</strong></span> <span class='ocrx_word' id='word_1_109' title='bbox 484 1436 539 1499; x_wconf 84' lang='lat' dir='ltr'><strong>non</strong></span> <span class='ocrx_word' id='word_1_110' title='bbox 556 1421 668 1473; x_wconf 82' lang='lat' dir='ltr'><strong>fortuito</strong></span> <span class='ocrx_word' id='word_1_111' title='bbox 691 1421 800 1473; x_wconf 79' lang='lat' dir='ltr'><strong>iactum</strong></span> <span class='ocrx_word' id='word_1_112' title='bbox 811 1439 881 1480; x_wconf 82' lang='lat' dir='ltr'><strong>esse,</strong></span> <span class='ocrx_word' id='word_1_113' title='bbox 886 1420 1000 1486; x_wconf 85' lang='lat' dir='ltr'><strong>ridetur,</strong></span> <span class='ocrx_word' id='word_1_114' title='bbox 1018 1422 1118 1490; x_wconf 87' lang='lat' dir='ltr'><strong>quod</strong></span> <span class='ocrx_word' id='word_1_115' title='bbox 1109 1442 1135 1476; x_wconf 86' lang='grc' dir='ltr'><strong>ιιι</strong></span> <span class='ocrx_word' id='word_1_116' title='bbox 1156 1425 1284 1494; x_wconf 79' lang='lat' dir='ltr'>plurimis</span> <span class='ocrx_word' id='word_1_117' title='bbox 1348 1423 1349 1464; x_wconf 64' lang='grc'><strong>1</strong></span> 
     </span>
     <span class='ocr_line' id='line_1_14' title="bbox 293 1491 1282 1579; baseline 0.009 -22"><span class='ocrx_word' id='word_1_118' title='bbox 293 1506 420 1578; x_wconf 77' lang='lat' dir='ltr'><strong>exemplis</strong></span> <span class='ocrx_word' id='word_1_119' title='bbox 448 1491 596 1558; x_wconf 74' lang='lat' dir='ltr'><strong>enuntiatio</strong></span> <span class='ocrx_word' id='word_1_120' title='bbox 622 1507 809 1560; x_wconf 83' lang='lat' dir='ltr'><strong>conditionalis</strong></span> <span class='ocrx_word' id='word_1_121' title='bbox 834 1525 882 1577; x_wconf 87' lang='lat' dir='ltr'><strong>per</strong></span> <span class='ocrx_word' id='word_1_122' title='bbox 909 1510 935 1561; x_wconf 91' lang='lat' dir='ltr'><strong>si</strong></span> <span class='ocrx_word' id='word_1_123' title='bbox 958 1517 986 1558; x_wconf 83' lang='lat' dir='ltr'><strong>st</strong></span> <span class='ocrx_word' id='word_1_124' title='bbox 1009 1513 1090 1579; x_wconf 76' lang='lat' dir='ltr'><strong>qnasi</strong></span> <span class='ocrx_word' id='word_1_125' title='bbox 1113 1511 1282 1566; x_wconf 78' lang='lat' dir='ltr'><strong>efformatus.</strong></span> 
     </span>
     <span class='ocr_line' id='line_1_15' title="bbox 251 1589 1282 1661; baseline 0.004 -13.176"><span class='ocrx_word' id='word_1_126' title='bbox 251 1594 487 1648; x_wconf 70' lang='lat' dir='ltr'><strong>Tereutlluu.</strong></span> <span class='ocrx_word' id='word_1_127' title='bbox 505 1589 566 1659; x_wconf 94' lang='grc'>1,2,</span> <span class='ocrx_word' id='word_1_128' title='bbox 580 1591 623 1644; x_wconf 91' lang='grc'><strong>60.</strong></span> <span class='ocrx_word' id='word_1_129' title='bbox 643 1593 699 1644; x_wconf 87' lang='lat' dir='ltr'><strong>Cic.</strong></span> <span class='ocrx_word' id='word_1_130' title='bbox 719 1594 795 1644; x_wconf 81' lang='lat' dir='ltr'><strong>Verr.</strong></span> <span class='ocrx_word' id='word_1_131' title='bbox 813 1592 839 1654; x_wconf 97' lang='grc'><strong>1,</strong></span> <span class='ocrx_word' id='word_1_132' title='bbox 855 1590 901 1657; x_wconf 90' lang='grc'><strong>81,</strong></span> <span class='ocrx_word' id='word_1_133' title='bbox 918 1591 1012 1656; x_wconf 89' lang='grc'>808,</span> <span class='ocrx_word' id='word_1_134' title='bbox 1028 1591 1073 1657; x_wconf 93' lang='grc'><strong>80,</strong></span> <span class='ocrx_word' id='word_1_135' title='bbox 1092 1593 1196 1661; x_wconf 71' lang='lat'><strong>⁷248,</strong></span> <span class='ocrx_word' id='word_1_136' title='bbox 1220 1599 1282 1652; x_wconf 87' lang='grc'>118.</span> 
     </span>
    </p>

    <p class='ocr_par' dir='ltr' id='par_1_5' title="bbox 180 1676 1349 1992">
     <span class='ocr_line' id='line_1_16' title="bbox 293 1676 1280 1752; baseline -0.001 -18"><span class='ocrx_word' id='word_1_137' title='bbox 293 1701 322 1752; x_wconf 88' lang='lat' dir='ltr'><strong>p.</strong></span> <span class='ocrx_word' id='word_1_138' title='bbox 339 1683 424 1734; x_wconf 89' lang='lat' dir='ltr'><strong>Domo</strong></span> <span class='ocrx_word' id='word_1_139' title='bbox 442 1676 486 1742; x_wconf 88' lang='grc'><strong>50,</strong></span> <span class='ocrx_word' id='word_1_140' title='bbox 504 1677 563 1731; x_wconf 77' lang='grc'>128.</span> <span class='ocrx_word' id='word_1_141' title='bbox 581 1681 652 1732; x_wconf 81' lang='lat' dir='ltr'><strong>l’srt.</strong></span> <span class='ocrx_word' id='word_1_142' title='bbox 671 1689 738 1729; x_wconf 84' lang='lat' dir='ltr'><strong>orat.</strong></span> <span class='ocrx_word' id='word_1_143' title='bbox 758 1676 802 1744; x_wconf 88' lang='grc'><strong>89,</strong></span> <span class='ocrx_word' id='word_1_144' title='bbox 823 1676 883 1731; x_wconf 92' lang='grc'>186.</span> <span class='ocrx_word' id='word_1_145' title='bbox 900 1678 934 1729; x_wconf 85' lang='lat' dir='ltr'><strong>ad</strong></span> <span class='ocrx_word' id='word_1_146' title='bbox 950 1680 1025 1730; x_wconf 82' lang='lat' dir='ltr'><strong>Fam.</strong></span> <span class='ocrx_word' id='word_1_147' title='bbox 1041 1676 1077 1743; x_wconf 92' lang='grc'><strong>8,</strong></span> <span class='ocrx_word' id='word_1_148' title='bbox 1092 1677 1126 1742; x_wconf 88' lang='grc'><strong>2,</strong></span> <span class='ocrx_word' id='word_1_149' title='bbox 1140 1678 1166 1731; x_wconf 91' lang='grc'><strong>6.</strong></span> <span class='ocrx_word' id='word_1_150' title='bbox 1182 1683 1280 1734; x_wconf 87' lang='lat' dir='ltr'><strong>Nimi-</strong></span> 
     </span>
     <span class='ocr_line' id='line_1_17' title="bbox 291 1763 1349 1834; baseline 0.001 -15"><span class='ocrx_word' id='word_1_151' title='bbox 291 1783 350 1819; x_wconf 86' lang='grc' dir='ltr'><em>ιιιιιι</em></span> <span class='ocrx_word' id='word_1_152' title='bbox 365 1765 409 1828; x_wconf 82' lang='lat' dir='ltr'><strong>id,</strong></span> <span class='ocrx_word' id='word_1_153' title='bbox 429 1763 529 1832; x_wconf 86' lang='lat' dir='ltr'><strong>quod&#39;</strong></span> <span class='ocrx_word' id='word_1_154' title='bbox 520 1781 548 1814; x_wconf 82' lang='lat' dir='ltr'><strong>sn</strong></span> <span class='ocrx_word' id='word_1_155' title='bbox 565 1774 639 1814; x_wconf 87' lang='lat' dir='ltr'><strong>recta</strong></span> <span class='ocrx_word' id='word_1_156' title='bbox 656 1764 840 1814; x_wconf 77' lang='lat' dir='ltr'><strong>enuntiatione</strong></span> <span class='ocrx_word' id='word_1_157' title='bbox 860 1763 938 1815; x_wconf 87' lang='lat' dir='ltr'><strong>alicui</strong></span> <span class='ocrx_word' id='word_1_158' title='bbox 955 1765 995 1816; x_wconf 89' lang='lat' dir='ltr'><strong>rei</strong></span> <span class='ocrx_word' id='word_1_159' title='bbox 1011 1764 1151 1816; x_wconf 73' lang='lat' dir='ltr'><strong>inhaerere</strong></span> <span class='ocrx_word' id='word_1_160' title='bbox 1166 1767 1279 1834; x_wconf 85' lang='lat' dir='ltr'><strong>dieitur,</strong></span> <span class='ocrx_word' id='word_1_161' title='bbox 1348 1813 1349 1828; x_wconf 42' lang='lat'>2</span> 
     </span>
     <span class='ocr_line' id='line_1_18' title="bbox 180 1839 1349 1907; baseline 0.002 -3"><span class='ocrx_word' id='word_1_162' title='bbox 180 1901 182 1904; x_wconf 88' lang='lat'>.</span> <span class='ocrx_word' id='word_1_163' title='bbox 289 1853 318 1903; x_wconf 89' lang='lat' dir='ltr'><strong>in</strong></span> <span class='ocrx_word' id='word_1_164' title='bbox 339 1845 514 1902; x_wconf 70' lang='lat' dir='ltr'><strong>conditionali</strong></span> <span class='ocrx_word' id='word_1_165' title='bbox 529 1847 558 1897; x_wconf 89' lang='lat' dir='ltr'><strong>in</strong></span> <span class='ocrx_word' id='word_1_166' title='bbox 578 1847 634 1898; x_wconf 87' lang='lat' dir='ltr'><strong>eius</strong></span> <span class='ocrx_word' id='word_1_167' title='bbox 652 1849 713 1900; x_wconf 92' lang='lat' dir='ltr'><strong>loco</strong></span> <span class='ocrx_word' id='word_1_168' title='bbox 733 1849 908 1902; x_wconf 77' lang='lat' dir='ltr'><strong>substituitur.</strong></span> <span class='ocrx_word' id='word_1_169' title='bbox 942 1846 1012 1902; x_wconf 83' lang='lat' dir='ltr'><strong>Hinc</strong></span> <span class='ocrx_word' id='word_1_170' title='bbox 1035 1849 1075 1902; x_wconf 79' lang='lat' dir='ltr'><strong>vis</strong></span> <span class='ocrx_word' id='word_1_171' title='bbox 1099 1851 1147 1902; x_wconf 84' lang='lat' dir='ltr'><strong>illu</strong></span> <span class='ocrx_word' id='word_1_172' title='bbox 1173 1856 1276 1907; x_wconf 84' lang='lat' dir='ltr'><strong>verbo-</strong></span> <span class='ocrx_word' id='word_1_173' title='bbox 1348 1839 1349 1890; x_wconf 70' lang='grc'><strong>1</strong></span> 
     </span>
     <span class='ocr_line' id='line_1_19' title="bbox 223 1930 1161 1992; baseline -0.002 -3"><span class='ocrx_word' id='word_1_174' title='bbox 223 1964 228 1976; x_wconf 84' lang='lat'><em>·</em></span> <span class='ocrx_word' id='word_1_175' title='bbox 288 1955 348 1989; x_wconf 84' lang='lat' dir='ltr'><strong>rum</strong></span> <span class='ocrx_word' id='word_1_176' title='bbox 365 1933 423 1988; x_wconf 79' lang='lat' dir='ltr'><strong>stud</strong></span> <span class='ocrx_word' id='word_1_177' title='bbox 441 1931 546 1985; x_wconf 83' lang='lat' dir='ltr'><strong>sonaob</strong></span> <span class='ocrx_word' id='word_1_178' title='bbox 565 1930 644 1986; x_wconf 83' lang='lat' dir='ltr'><strong>uicbt</strong></span> <span class='ocrx_word' id='word_1_179' title='bbox 669 1943 784 1985; x_wconf 84' lang='lat' dir='ltr'><strong>mutatur</strong></span> <span class='ocrx_word' id='word_1_180' title='bbox 803 1934 831 1985; x_wconf 90' lang='lat' dir='ltr'><strong>in</strong></span> <span class='ocrx_word' id='word_1_181' title='bbox 849 1932 907 1985; x_wconf 80' lang='lat' dir='ltr'><strong>und</strong></span> <span class='ocrx_word' id='word_1_182' title='bbox 925 1931 1059 1989; x_wconf 77' lang='lat' dir='ltr'><strong>otelaelr</strong></span> <span class='ocrx_word' id='word_1_183' title='bbox 1075 1933 1161 1992; x_wconf 77' lang='lat' dir='ltr'><strong>nieht.</strong></span> 
     </span>
    </p>
   </div>
   <div class='ocr_carea' id='block_1_4' title="bbox 180 2037 1349 2966">
    <p class='ocr_par' dir='ltr' id='par_1_6' title="bbox 242 2037 1275 2107">
     <span class='ocr_line' id='line_1_20' title="bbox 242 2037 1275 2107; baseline 0.003 -16"><span class='ocrx_word' id='word_1_184' title='bbox 242 2049 247 2060; x_wconf 86' lang='lat'><strong>¹</strong></span> <span class='ocrx_word' id='word_1_185' title='bbox 323 2041 372 2091; x_wconf 87' lang='lat' dir='ltr'><strong>Per</strong></span> <span class='ocrx_word' id='word_1_186' title='bbox 389 2057 423 2090; x_wconf 86' lang='lat' dir='ltr'><strong>ac</strong></span> <span class='ocrx_word' id='word_1_187' title='bbox 440 2054 495 2089; x_wconf 87' lang='grc' dir='ltr'><em>ιιοιι</em></span> <span class='ocrx_word' id='word_1_188' title='bbox 513 2037 609 2106; x_wconf 84' lang='lat' dir='ltr'><strong>potius</strong></span> <span class='ocrx_word' id='word_1_189' title='bbox 626 2038 769 2107; x_wconf 74' lang='lat' dir='ltr'><strong>explicabis</strong></span> <span class='ocrx_word' id='word_1_190' title='bbox 786 2037 869 2089; x_wconf 80' lang='lat' dir='ltr'><strong>haecz&#39;</strong></span> <span class='ocrx_word' id='word_1_191' title='bbox 895 2037 950 2092; x_wconf 87' lang='lat' dir='ltr'><strong>Cic.</strong></span> <span class='ocrx_word' id='word_1_192' title='bbox 976 2041 1069 2106; x_wconf 77' lang='lat' dir='ltr'><strong>Agrar.</strong></span> <span class='ocrx_word' id='word_1_193' title='bbox 1085 2037 1105 2090; x_wconf 79' lang='lat'>2</span> <span class='ocrx_word' id='word_1_194' title='bbox 1115 2077 1124 2103; x_wconf 95' lang='lat'><strong>,</strong></span> <span class='ocrx_word' id='word_1_195' title='bbox 1140 2038 1193 2104; x_wconf 84' lang='grc'><strong>87,</strong></span> <span class='ocrx_word' id='word_1_196' title='bbox 1215 2042 1275 2095; x_wconf 89' lang='grc'>101.</span> 
     </span>
    </p>

    <p class='ocr_par' dir='ltr' id='par_1_7' title="bbox 277 2121 1273 2198">
     <span class='ocr_line' id='line_1_21' title="bbox 277 2121 1273 2198; baseline 0.002 -19"><span class='ocrx_word' id='word_1_197' title='bbox 277 2127 356 2198; x_wconf 77' lang='lat' dir='ltr'><strong>&#39;quis</strong></span> <span class='ocrx_word' id='word_1_198' title='bbox 378 2126 451 2178; x_wconf 82' lang='lat' dir='ltr'><strong>euim</strong></span> <span class='ocrx_word' id='word_1_199' title='bbox 476 2139 605 2194; x_wconf 82' lang='lat' dir='ltr'><strong>umquam</strong></span> <span class='ocrx_word' id='word_1_200' title='bbox 630 2133 689 2174; x_wconf 85' lang='lat' dir='ltr'><strong>tam</strong></span> <span class='ocrx_word' id='word_1_201' title='bbox 715 2121 835 2177; x_wconf 81' lang='lat' dir='ltr'><strong>secanda</strong></span> <span class='ocrx_word' id='word_1_202' title='bbox 864 2124 997 2177; x_wconf 81' lang='lat' dir='ltr'><strong>concione</strong></span> <span class='ocrx_word' id='word_1_203' title='bbox 1022 2122 1112 2190; x_wconf 75' lang='lat' dir='ltr'><strong>legem</strong></span> <span class='ocrx_word' id='word_1_204' title='bbox 1130 2131 1273 2195; x_wconf 77' lang='lat' dir='ltr'><strong>agrariam</strong></span> 
     </span>
    </p>

    <p class='ocr_par' dir='ltr' id='par_1_8' title="bbox 217 2205 1349 2374">
     <span class='ocr_line' id='line_1_22' title="bbox 217 2205 1272 2278; baseline 0.003 -16"><span class='ocrx_word' id='word_1_205' title='bbox 217 2245 222 2256; x_wconf 87' lang='lat'>·</span> <span class='ocrx_word' id='word_1_206' title='bbox 290 2211 383 2262; x_wconf 79' lang='lat' dir='ltr'><strong>suasit</strong></span> <span class='ocrx_word' id='word_1_207' title='bbox 400 2225 482 2278; x_wconf 79' lang='lat' dir='ltr'><strong>qnam</strong></span> <span class='ocrx_word' id='word_1_208' title='bbox 503 2224 556 2278; x_wconf 78' lang='lat' dir='ltr'><strong>ego</strong></span> <span class='ocrx_word' id='word_1_209' title='bbox 574 2205 720 2259; x_wconf 79' lang='lat' dir='ltr'><strong>dissuasi?</strong></span> <span class='ocrx_word' id='word_1_210' title='bbox 738 2211 763 2260; x_wconf 90' lang='lat' dir='ltr'><strong>si</strong></span> <span class='ocrx_word' id='word_1_211' title='bbox 777 2207 829 2261; x_wconf 78' lang='lat' dir='ltr'><strong>loc</strong></span> <span class='ocrx_word' id='word_1_212' title='bbox 845 2205 1007 2260; x_wconf 76' lang='lat' dir='ltr'><strong>dissuadere</strong></span> <span class='ocrx_word' id='word_1_213' title='bbox 1024 2217 1066 2260; x_wconf 88' lang='lat' dir='ltr'><strong>est</strong></span> <span class='ocrx_word' id='word_1_214' title='bbox 1085 2226 1121 2259; x_wconf 88' lang='lat' dir='ltr'><strong>ae</strong></span> <span class='ocrx_word' id='word_1_215' title='bbox 1138 2227 1197 2262; x_wconf 87' lang='grc' dir='ltr'><em>ιιοιι</em></span> <span class='ocrx_word' id='word_1_216' title='bbox 1218 2213 1272 2265; x_wconf 82' lang='lat' dir='ltr'><strong>dis·</strong></span> 
     </span>
     <span class='ocr_line' id='line_1_23' title="bbox 297 2253 1349 2374; baseline 0.001 -28"><span class='ocrx_word' id='word_1_217' title='bbox 297 2291 407 2346; x_wconf 83' lang='lat' dir='ltr'><strong>turbare</strong></span> <span class='ocrx_word' id='word_1_218' title='bbox 432 2311 466 2346; x_wconf 84' lang='grc' dir='ltr'><strong>ιιι</strong></span> <span class='ocrx_word' id='word_1_219' title='bbox 484 2304 666 2363; x_wconf 83' lang='lat' dir='ltr'><strong>praevertere·</strong></span> <span class='ocrx_word' id='word_1_220' title='bbox 701 2293 772 2344; x_wconf 82' lang='lat' dir='ltr'><strong>conl.</strong></span> <span class='ocrx_word' id='word_1_221' title='bbox 792 2291 826 2363; x_wconf 66' lang='lat' dir='ltr'><strong>ed</strong></span> <span class='ocrx_word' id='word_1_222' title='bbox 853 2293 927 2344; x_wconf 83' lang='lat' dir='ltr'><strong>Fam·</strong></span> <span class='ocrx_word' id='word_1_223' title='bbox 946 2289 981 2354; x_wconf 91' lang='grc'><strong>8,</strong></span> <span class='ocrx_word' id='word_1_224' title='bbox 999 2290 1025 2344; x_wconf 77' lang='lat'><strong>2.</strong></span> <span class='ocrx_word' id='word_1_225' title='bbox 1043 2302 1111 2374; x_wconf 69' lang='lat' dir='ltr'><strong>estr-</strong></span> <span class='ocrx_word' id='word_1_226' title='bbox 1129 2295 1272 2363; x_wconf 76' lang='lat' dir='ltr'><strong>Sulpic.‚iu</strong></span> <span class='ocrx_word' id='word_1_227' title='bbox 1348 2253 1349 2329; x_wconf 77' lang='grc'><strong>1</strong></span> 
     </span>
    </p>

    <p class='ocr_par' dir='ltr' id='par_1_9' title="bbox 217 2373 1268 2449">
     <span class='ocr_line' id='line_1_24' title="bbox 217 2373 1268 2449; baseline 0.005 -25"><span class='ocrx_word' id='word_1_228' title='bbox 217 2413 222 2424; x_wconf 89' lang='grc'>.</span> <span class='ocrx_word' id='word_1_229' title='bbox 289 2381 343 2431; x_wconf 80' lang='lat' dir='ltr'><strong>Cic.</strong></span> <span class='ocrx_word' id='word_1_230' title='bbox 360 2379 443 2447; x_wconf 86' lang='lat' dir='ltr'><strong>Epist.</strong></span> <span class='ocrx_word' id='word_1_231' title='bbox 460 2374 493 2440; x_wconf 90' lang='grc'><strong>4,</strong></span> <span class='ocrx_word' id='word_1_232' title='bbox 511 2373 545 2440; x_wconf 92' lang='grc'><strong>5,</strong></span> <span class='ocrx_word' id='word_1_233' title='bbox 568 2375 609 2426; x_wconf 89' lang='grc'>14.</span> <span class='ocrx_word' id='word_1_234' title='bbox 633 2374 686 2429; x_wconf 84' lang='lat' dir='ltr'><strong>boc</strong></span> <span class='ocrx_word' id='word_1_235' title='bbox 703 2387 730 2431; x_wconf 85' lang='lat' dir='ltr'><strong>te</strong></span> <span class='ocrx_word' id='word_1_236' title='bbox 748 2385 909 2447; x_wconf 73' lang='lat' dir='ltr'><strong>exspectare</strong></span> <span class='ocrx_word' id='word_1_237' title='bbox 925 2386 1035 2446; x_wconf 86' lang='lat' dir='ltr'><strong>tempus</strong></span> <span class='ocrx_word' id='word_1_238' title='bbox 1052 2375 1105 2430; x_wconf 85' lang='lat' dir='ltr'><strong>tibi</strong></span> <span class='ocrx_word' id='word_1_239' title='bbox 1122 2388 1204 2449; x_wconf 73' lang='lat' dir='ltr'><strong>torpe</strong></span> <span class='ocrx_word' id='word_1_240' title='bbox 1219 2395 1268 2442; x_wconf 78' lang='lat' dir='ltr'><strong>est,</strong></span> 
     </span>
    </p>

    <p class='ocr_par' dir='ltr' id='par_1_10' title="bbox 286 2461 1269 2529">
     <span class='ocr_line' id='line_1_25' title="bbox 286 2461 1269 2529; baseline 0 -12"><span class='ocrx_word' id='word_1_241' title='bbox 286 2483 322 2517; x_wconf 84' lang='lat' dir='ltr'><strong>ae</strong></span> <span class='ocrx_word' id='word_1_242' title='bbox 338 2479 394 2514; x_wconf 81' lang='lat' dir='ltr'><strong>non</strong></span> <span class='ocrx_word' id='word_1_243' title='bbox 408 2463 491 2518; x_wconf 83' lang='lat' dir='ltr'><strong>sirei</strong></span> <span class='ocrx_word' id='word_1_244' title='bbox 511 2462 653 2529; x_wconf 83' lang='lat' dir='ltr'><strong>sapientia</strong></span> <span class='ocrx_word' id='word_1_245' title='bbox 674 2471 723 2511; x_wconf 83' lang='lat' dir='ltr'><strong>toa</strong></span> <span class='ocrx_word' id='word_1_246' title='bbox 745 2471 774 2513; x_wconf 90' lang='lat' dir='ltr'><strong>te</strong></span> <span class='ocrx_word' id='word_1_247' title='bbox 793 2477 940 2519; x_wconf 77' lang='lat' dir='ltr'><strong>occurrere.</strong></span> <span class='ocrx_word' id='word_1_248' title='bbox 975 2464 1016 2514; x_wconf 88' lang='lat' dir='ltr'><strong>lta</strong></span> <span class='ocrx_word' id='word_1_249' title='bbox 1041 2461 1210 2516; x_wconf 82' lang='lat' dir='ltr'><strong>defendenda</strong></span> <span class='ocrx_word' id='word_1_250' title='bbox 1227 2469 1269 2518; x_wconf 85' lang='lat' dir='ltr'><strong>vi-</strong></span> 
     </span>
    </p>

    <p class='ocr_par' dir='ltr' id='par_1_11' title="bbox 284 2543 1270 2612">
     <span class='ocr_line' id='line_1_26' title="bbox 284 2543 1270 2612; baseline 0.003 -11"><span class='ocrx_word' id='word_1_251' title='bbox 284 2548 380 2601; x_wconf 85' lang='lat' dir='ltr'><strong>dentur</strong></span> <span class='ocrx_word' id='word_1_252' title='bbox 397 2544 476 2597; x_wconf 78' lang='lat' dir='ltr'><strong>verbs</strong></span> <span class='ocrx_word' id='word_1_253' title='bbox 492 2544 521 2594; x_wconf 86' lang='lat' dir='ltr'><strong>in</strong></span> <span class='ocrx_word' id='word_1_254' title='bbox 542 2544 629 2595; x_wconf 88' lang='lat' dir='ltr'><strong>Taciti</strong></span> <span class='ocrx_word' id='word_1_255' title='bbox 653 2545 767 2612; x_wconf 78' lang='lat' dir='ltr'><strong>Dialogo</strong></span> <span class='ocrx_word' id='word_1_256' title='bbox 795 2545 820 2598; x_wconf 89' lang='lat'><strong>1.</strong></span> <span class='ocrx_word' id='word_1_257' title='bbox 846 2549 912 2611; x_wconf 78' lang='lat' dir='ltr'><strong>vix,</strong></span> <span class='ocrx_word' id='word_1_258' title='bbox 926 2543 1052 2609; x_wconf 74' lang='lat' dir='ltr'><strong>hercule,</strong></span> <span class='ocrx_word' id='word_1_259' title='bbox 1077 2547 1226 2612; x_wconf 80' lang='lat' dir='ltr'><strong>auderem,</strong></span> <span class='ocrx_word' id='word_1_260' title='bbox 1246 2554 1270 2604; x_wconf 87' lang='lat' dir='ltr'><strong>si</strong></span> 
     </span>
    </p>

    <p class='ocr_par' dir='ltr' id='par_1_12' title="bbox 219 2623 1270 2708">
     <span class='ocr_line' id='line_1_27' title="bbox 219 2623 1270 2708; baseline -0.008 -20"><span class='ocrx_word' id='word_1_261' title='bbox 219 2695 223 2707; x_wconf 38' lang='grc' dir='ltr'>Ι</span> <span class='ocrx_word' id='word_1_262' title='bbox 264 2653 347 2708; x_wconf 65' lang='grc' dir='ltr'><strong>Λιιιιιι</strong></span> <span class='ocrx_word' id='word_1_263' title='bbox 366 2633 504 2686; x_wconf 78' lang='lat' dir='ltr'><strong>sententia</strong></span> <span class='ocrx_word' id='word_1_264' title='bbox 525 2623 714 2698; x_wconf 78' lang='lat' dir='ltr'><strong>proferenda,</strong></span> <span class='ocrx_word' id='word_1_265' title='bbox 741 2649 774 2682; x_wconf 85' lang='lat' dir='ltr'><strong>ac</strong></span> <span class='ocrx_word' id='word_1_266' title='bbox 799 2647 856 2682; x_wconf 80' lang='lat' dir='ltr'><strong>nors</strong></span> <span class='ocrx_word' id='word_1_267' title='bbox 880 2628 1142 2699; x_wconf 79' lang='lat' dir='ltr'><strong>disertissimorum,</strong></span> <span class='ocrx_word' id='word_1_268' title='bbox 1165 2648 1204 2688; x_wconf 72' lang='lat' dir='ltr'><strong>ut</strong></span> <span class='ocrx_word' id='word_1_269' title='bbox 1222 2655 1270 2690; x_wconf 74' lang='grc' dir='ltr'><strong>ηρ.</strong></span> 
     </span>
    </p>

    <p class='ocr_par' dir='ltr' id='par_1_13' title="bbox 216 2713 1266 2796">
     <span class='ocr_line' id='line_1_28' title="bbox 216 2713 1266 2796; baseline 0.001 -21"><span class='ocrx_word' id='word_1_270' title='bbox 216 2785 221 2796; x_wconf 88' lang='lat'><em>.</em></span> <span class='ocrx_word' id='word_1_271' title='bbox 285 2723 352 2775; x_wconf 88' lang='lat' dir='ltr'><strong>stris</strong></span> <span class='ocrx_word' id='word_1_272' title='bbox 368 2714 553 2786; x_wconf 76' lang='lat' dir='ltr'><strong>temporibus,</strong></span> <span class='ocrx_word' id='word_1_273' title='bbox 576 2713 719 2769; x_wconf 81' lang='lat' dir='ltr'><strong>hominum</strong></span> <span class='ocrx_word' id='word_1_274' title='bbox 735 2731 824 2768; x_wconf 87' lang='lat' dir='ltr'><strong>sermo</strong></span> <span class='ocrx_word' id='word_1_275' title='bbox 851 2713 1016 2782; x_wconf 79' lang='lat' dir='ltr'><strong>repetendos</strong></span> <span class='ocrx_word' id='word_1_276' title='bbox 1037 2730 1119 2773; x_wconf 80' lang='lat' dir='ltr'><strong>esset.</strong></span> <span class='ocrx_word' id='word_1_277' title='bbox 1152 2722 1266 2778; x_wconf 79' lang='lat' dir='ltr'><strong>Additur</strong></span> 
     </span>
    </p>

    <p class='ocr_par' dir='ltr' id='par_1_14' title="bbox 180 2797 1268 2874">
     <span class='ocr_line' id='line_1_29' title="bbox 180 2797 1268 2874; baseline -0.003 -16"><span class='ocrx_word' id='word_1_278' title='bbox 180 2851 186 2858; x_wconf 89' lang='lat'><em>.</em></span> <span class='ocrx_word' id='word_1_279' title='bbox 285 2821 349 2858; x_wconf 63' lang='lat' dir='ltr'><strong>voc„</strong></span> <span class='ocrx_word' id='word_1_280' title='bbox 363 2805 470 2874; x_wconf 84' lang='lat' dir='ltr'><strong>potius.</strong></span> <span class='ocrx_word' id='word_1_281' title='bbox 491 2803 546 2855; x_wconf 85' lang='lat' dir='ltr'><strong>Cic.</strong></span> <span class='ocrx_word' id='word_1_282' title='bbox 564 2804 641 2855; x_wconf 83' lang='lat' dir='ltr'><strong>Verr.</strong></span> <span class='ocrx_word' id='word_1_283' title='bbox 663 2799 698 2864; x_wconf 89' lang='grc'><strong>8,</strong></span> <span class='ocrx_word' id='word_1_284' title='bbox 722 2797 850 2866; x_wconf 84' lang='grc'>79,188.</span> <span class='ocrx_word' id='word_1_285' title='bbox 876 2800 1054 2872; x_wconf 80' lang='lat' dir='ltr'><strong>quamobrem</strong></span> <span class='ocrx_word' id='word_1_286' title='bbox 1075 2809 1159 2862; x_wconf 70' lang='lat' dir='ltr'><strong>enim,</strong></span> <span class='ocrx_word' id='word_1_287' title='bbox 1177 2808 1268 2862; x_wconf 72' lang='lat' dir='ltr'><strong>scriba</strong></span> 
     </span>
    </p>

    <p class='ocr_par' dir='ltr' id='par_1_15' title="bbox 215 2884 1269 2966">
     <span class='ocr_line' id='line_1_30' title="bbox 215 2884 1269 2966; baseline 0.002 -21"><span class='ocrx_word' id='word_1_288' title='bbox 215 2937 221 2966; x_wconf 83' lang='lat'><strong>.·</strong></span> <span class='ocrx_word' id='word_1_289' title='bbox 286 2889 407 2945; x_wconf 84' lang='lat' dir='ltr'><strong>deducat</strong></span> <span class='ocrx_word' id='word_1_290' title='bbox 424 2907 458 2942; x_wconf 85' lang='lat' dir='ltr'><strong>as</strong></span> <span class='ocrx_word' id='word_1_291' title='bbox 474 2905 531 2942; x_wconf 84' lang='lat' dir='ltr'><strong>uon</strong></span> <span class='ocrx_word' id='word_1_292' title='bbox 548 2890 647 2960; x_wconf 84' lang='lat' dir='ltr'><strong>potius</strong></span> <span class='ocrx_word' id='word_1_293' title='bbox 664 2884 762 2948; x_wconf 80' lang='lat' dir='ltr'><strong>mulio,</strong></span> <span class='ocrx_word' id='word_1_294' title='bbox 782 2903 830 2957; x_wconf 78' lang='lat' dir='ltr'><strong>qur</strong></span> <span class='ocrx_word' id='word_1_295' title='bbox 824 2884 1010 2942; x_wconf 76' lang='lat' dir='ltr'><strong>advexitl&#39;</strong></span> <span class='ocrx_word' id='word_1_296' title='bbox 1001 2905 1031 2942; x_wconf 79' lang='lat' dir='ltr'><strong>iu</strong></span> <span class='ocrx_word' id='word_1_297' title='bbox 1048 2888 1210 2958; x_wconf 48' lang='lat' dir='ltr'><strong>sautem</strong></span> <span class='ocrx_word' id='word_1_298' title='bbox 1228 2895 1269 2948; x_wconf 76' lang='lat'><strong>12</strong></span> 
     </span>
    </p>
   </div>
   <div class='ocr_carea' id='block_1_5' title="bbox 214 3005 1348 3755">
    <p class='ocr_par' dir='ltr' id='par_1_16' title="bbox 249 3005 1348 3248">
     <span class='ocr_line' id='line_1_31' title="bbox 249 3005 1348 3084; baseline 0.003 -21"><span class='ocrx_word' id='word_1_299' title='bbox 249 3007 253 3024; x_wconf 57' lang='lat'>‘</span> <span class='ocrx_word' id='word_1_300' title='bbox 318 3011 412 3082; x_wconf 76' lang='lat' dir='ltr'><strong>Atque</strong></span> <span class='ocrx_word' id='word_1_301' title='bbox 430 3025 486 3060; x_wconf 85' lang='lat' dir='ltr'><strong>non</strong></span> <span class='ocrx_word' id='word_1_302' title='bbox 505 3007 640 3077; x_wconf 86' lang='lat' dir='ltr'><strong>proprium</strong></span> <span class='ocrx_word' id='word_1_303' title='bbox 658 3016 699 3058; x_wconf 86' lang='lat' dir='ltr'><strong>est</strong></span> <span class='ocrx_word' id='word_1_304' title='bbox 715 3006 810 3058; x_wconf 83' lang='lat' dir='ltr'><strong>Plinio.</strong></span> <span class='ocrx_word' id='word_1_305' title='bbox 844 3005 918 3058; x_wconf 82' lang='lat' dir='ltr'><strong>Dixit</strong></span> <span class='ocrx_word' id='word_1_306' title='bbox 934 3005 980 3059; x_wconf 91' lang='lat' dir='ltr'><strong>ille</strong></span> <span class='ocrx_word' id='word_1_307' title='bbox 1001 3007 1040 3060; x_wconf 80' lang='lat' dir='ltr'><strong>itu</strong></span> <span class='ocrx_word' id='word_1_308' title='bbox 1059 3007 1087 3058; x_wconf 92' lang='lat' dir='ltr'><strong>in</strong></span> <span class='ocrx_word' id='word_1_309' title='bbox 1107 3010 1178 3062; x_wconf 86' lang='lat' dir='ltr'><strong>Hist.</strong></span> <span class='ocrx_word' id='word_1_310' title='bbox 1200 3014 1266 3081; x_wconf 81' lang='grc' dir='ltr'>ιι.7,</span> <span class='ocrx_word' id='word_1_311' title='bbox 1347 3079 1348 3084; x_wconf 12' lang='lat'>¹</span> 
     </span>
     <span class='ocr_line' id='line_1_32' title="bbox 282 3053 1266 3162; baseline -0.001 -11"><span class='ocrx_word' id='word_1_312' title='bbox 282 3053 1266 3162; x_wconf 68' lang='lat' dir='ltr'><strong>etmusstosscscrsssssrsse</strong></span> 
     </span>
     <span class='ocr_line' id='line_1_33' title="bbox 284 3175 1265 3250; baseline 0 -16"><span class='ocrx_word' id='word_1_313' title='bbox 284 3183 357 3236; x_wconf 86' lang='lat' dir='ltr'><strong>alibi.</strong></span> <span class='ocrx_word' id='word_1_314' title='bbox 377 3177 510 3248; x_wconf 85' lang='lat' dir='ltr'><strong>-Reliquis</strong></span> <span class='ocrx_word' id='word_1_315' title='bbox 528 3176 700 3246; x_wconf 84' lang='lat' dir='ltr'><strong>scriptoribus</strong></span> <span class='ocrx_word' id='word_1_316' title='bbox 719 3185 791 3226; x_wconf 86' lang='lat' dir='ltr'><strong>certa</strong></span> <span class='ocrx_word' id='word_1_317' title='bbox 815 3175 919 3228; x_wconf 86' lang='lat' dir='ltr'><strong>ridetur</strong></span> <span class='ocrx_word' id='word_1_318' title='bbox 943 3176 1025 3231; x_wconf 84' lang='lat' dir='ltr'><strong>fuisse</strong></span> <span class='ocrx_word' id='word_1_319' title='bbox 1042 3177 1121 3250; x_wconf 79' lang='lat' dir='ltr'><strong>huius</strong></span> <span class='ocrx_word' id='word_1_320' title='bbox 1139 3179 1265 3234; x_wconf 86' lang='lat' dir='ltr'><strong>dictionis</strong></span> 
     </span>
    </p>

    <p class='ocr_par' dir='ltr' id='par_1_17' title="bbox 215 3260 1262 3334">
     <span class='ocr_line' id='line_1_34' title="bbox 215 3260 1262 3334; baseline -0.003 -15"><span class='ocrx_word' id='word_1_321' title='bbox 215 3288 218 3302; x_wconf 91' lang='lat'><strong>·</strong></span> <span class='ocrx_word' id='word_1_322' title='bbox 278 3285 332 3319; x_wconf 86' lang='lat' dir='ltr'><strong>uua</strong></span> <span class='ocrx_word' id='word_1_323' title='bbox 356 3267 449 3316; x_wconf 78' lang='lat' dir='ltr'><strong>forms</strong></span> <span class='ocrx_word' id='word_1_324' title='bbox 482 3263 575 3330; x_wconf 88' lang='lat' dir='ltr'><strong>Neque</strong></span> <span class='ocrx_word' id='word_1_325' title='bbox 601 3260 651 3310; x_wconf 89' lang='lat' dir='ltr'><strong>huc</strong></span> <span class='ocrx_word' id='word_1_326' title='bbox 679 3260 814 3328; x_wconf 87' lang='lat' dir='ltr'><strong>pertinent</strong></span> <span class='ocrx_word' id='word_1_327' title='bbox 836 3261 916 3313; x_wconf 86' lang='lat' dir='ltr'><strong>haec:</strong></span> <span class='ocrx_word' id='word_1_328' title='bbox 933 3263 1042 3314; x_wconf 84' lang='lat' dir='ltr'><strong>Terent.</strong></span> <span class='ocrx_word' id='word_1_329' title='bbox 1059 3264 1174 3334; x_wconf 81' lang='lat' dir='ltr'><strong>Adelph.</strong></span> <span class='ocrx_word' id='word_1_330' title='bbox 1194 3267 1220 3332; x_wconf 85' lang='lat'><strong>8,</strong></span> <span class='ocrx_word' id='word_1_331' title='bbox 1237 3267 1262 3330; x_wconf 86' lang='grc'><strong>3,</strong></span> 
     </span>
    </p>

    <p class='ocr_par' dir='ltr' id='par_1_18' title="bbox 214 3345 1264 3755">
     <span class='ocr_line' id='line_1_35' title="bbox 214 3345 1263 3420; baseline -0.001 -16"><span class='ocrx_word' id='word_1_332' title='bbox 214 3379 220 3388; x_wconf 88' lang='lat'><strong>·</strong></span> <span class='ocrx_word' id='word_1_333' title='bbox 280 3352 325 3407; x_wconf 81' lang='grc'><strong>88.</strong></span> <span class='ocrx_word' id='word_1_334' title='bbox 348 3351 464 3404; x_wconf 82' lang='lat' dir='ltr'><strong>nimium</strong></span> <span class='ocrx_word' id='word_1_335' title='bbox 478 3349 554 3412; x_wconf 75' lang='lat' dir='ltr'><strong>inter</strong></span> <span class='ocrx_word' id='word_1_336' title='bbox 569 3363 636 3410; x_wconf 84' lang='lat' dir='ltr'><strong>vos,</strong></span> <span class='ocrx_word' id='word_1_337' title='bbox 661 3345 766 3398; x_wconf 85' lang='lat' dir='ltr'><strong>Demea</strong></span> <span class='ocrx_word' id='word_1_338' title='bbox 791 3348 839 3412; x_wconf 84' lang='lat' dir='ltr'><strong>(ac</strong></span> <span class='ocrx_word' id='word_1_339' title='bbox 856 3364 930 3414; x_wconf 83' lang='lat' dir='ltr'><strong>non,</strong></span> <span class='ocrx_word' id='word_1_340' title='bbox 949 3350 1016 3420; x_wconf 78' lang='lat' dir='ltr'><strong>quia</strong></span> <span class='ocrx_word' id='word_1_341' title='bbox 1033 3347 1102 3403; x_wconf 85' lang='lat' dir='ltr'><strong>ades</strong></span> <span class='ocrx_word' id='word_1_342' title='bbox 1121 3369 1263 3419; x_wconf 80' lang='lat' dir='ltr'><strong>praeseus,</strong></span> 
     </span>
     <span class='ocr_line' id='line_1_36' title="bbox 274 3431 1264 3507; baseline 0.003 -24"><span class='ocrx_word' id='word_1_343' title='bbox 274 3437 347 3490; x_wconf 58' lang='lat' dir='ltr'><strong>xdico</strong></span> <span class='ocrx_word' id='word_1_344' title='bbox 369 3431 430 3501; x_wconf 74' lang='lat' dir='ltr'><strong>boc)</strong></span> <span class='ocrx_word' id='word_1_345' title='bbox 449 3433 615 3504; x_wconf 81' lang='lat' dir='ltr'><strong>pernimium</strong></span> <span class='ocrx_word' id='word_1_346' title='bbox 648 3433 771 3486; x_wconf 83' lang='lat' dir='ltr'><strong>interest.</strong></span> <span class='ocrx_word' id='word_1_347' title='bbox 801 3431 856 3483; x_wconf 86' lang='lat' dir='ltr'><strong>Cic.</strong></span> <span class='ocrx_word' id='word_1_348' title='bbox 876 3435 952 3485; x_wconf 86' lang='lat' dir='ltr'><strong>Verr.</strong></span> <span class='ocrx_word' id='word_1_349' title='bbox 973 3431 999 3498; x_wconf 94' lang='grc'><strong>4,</strong></span> <span class='ocrx_word' id='word_1_350' title='bbox 1020 3431 1064 3500; x_wconf 89' lang='grc'><strong>65,</strong></span> <span class='ocrx_word' id='word_1_351' title='bbox 1085 3434 1146 3486; x_wconf 87' lang='grc'>145.</span> <span class='ocrx_word' id='word_1_352' title='bbox 1162 3451 1264 3507; x_wconf 69' lang='lat' dir='ltr'><strong>possea</strong></span> 
     </span>
     <span class='ocr_line' id='line_1_37' title="bbox 282 3514 1264 3586; baseline -0.002 -10"><span class='ocrx_word' id='word_1_353' title='bbox 282 3522 437 3576; x_wconf 81' lang='lat' dir='ltr'><strong>decernitur</strong></span> <span class='ocrx_word' id='word_1_354' title='bbox 453 3520 500 3583; x_wconf 88' lang='lat' dir='ltr'><strong>(ao</strong></span> <span class='ocrx_word' id='word_1_355' title='bbox 516 3535 574 3570; x_wconf 85' lang='grc' dir='ltr'><em>ιιοιι</em></span> <span class='ocrx_word' id='word_1_356' title='bbox 589 3518 681 3578; x_wconf 82' lang='lat' dir='ltr'><strong>varie,</strong></span> <span class='ocrx_word' id='word_1_357' title='bbox 702 3514 752 3568; x_wconf 89' lang='lat' dir='ltr'><strong>sed</strong></span> <span class='ocrx_word' id='word_1_358' title='bbox 769 3531 860 3586; x_wconf 83' lang='lat' dir='ltr'><strong>prope</strong></span> <span class='ocrx_word' id='word_1_359' title='bbox 880 3519 1034 3572; x_wconf 78' lang='lat' dir='ltr'><strong>coniunctis</strong></span> <span class='ocrx_word' id='word_1_360' title='bbox 1052 3523 1216 3585; x_wconf 76' lang='lat' dir='ltr'><strong>sententiis)</strong></span> <span class='ocrx_word' id='word_1_361' title='bbox 1234 3533 1264 3575; x_wconf 83' lang='lat' dir='ltr'><strong>ut</strong></span> 
     </span>
     <span class='ocr_line' id='line_1_38' title="bbox 281 3601 1262 3678; baseline 0.001 -19"><span class='ocrx_word' id='word_1_362' title='bbox 281 3619 333 3659; x_wconf 86' lang='lat' dir='ltr'><strong>etc.</strong></span> <span class='ocrx_word' id='word_1_363' title='bbox 367 3608 399 3656; x_wconf 89' lang='lat' dir='ltr'><strong>lu</strong></span> <span class='ocrx_word' id='word_1_364' title='bbox 423 3603 465 3654; x_wconf 87' lang='lat' dir='ltr'><strong>his</strong></span> <span class='ocrx_word' id='word_1_365' title='bbox 490 3601 560 3653; x_wconf 88' lang='lat' dir='ltr'><strong>euim</strong></span> <span class='ocrx_word' id='word_1_366' title='bbox 575 3617 643 3652; x_wconf 42' lang='lat' dir='ltr'><strong>*uon</strong></span> <span class='ocrx_word' id='word_1_367' title='bbox 660 3601 783 3678; x_wconf 72' lang='lat' dir='ltr'><strong>potiones</strong></span> <span class='ocrx_word' id='word_1_368' title='bbox 808 3612 999 3670; x_wconf 86' lang='lat' dir='ltr'><strong>componuntur</strong></span> <span class='ocrx_word' id='word_1_369' title='bbox 1011 3640 1019 3669; x_wconf 90' lang='lat'><strong>,</strong></span> <span class='ocrx_word' id='word_1_370' title='bbox 1043 3605 1091 3657; x_wconf 84' lang='lat' dir='ltr'><strong>sed</strong></span> <span class='ocrx_word' id='word_1_371' title='bbox 1104 3617 1145 3657; x_wconf 88' lang='lat' dir='ltr'><strong>est</strong></span> <span class='ocrx_word' id='word_1_372' title='bbox 1161 3625 1262 3676; x_wconf 84' lang='lat' dir='ltr'><strong>puren-</strong></span> 
     </span>
     <span class='ocr_line' id='line_1_39' title="bbox 280 3684 952 3755; baseline -0.004 -13"><span class='ocrx_word' id='word_1_373' title='bbox 280 3693 363 3744; x_wconf 88' lang='lat' dir='ltr'><strong>tbesis</strong></span> <span class='ocrx_word' id='word_1_374' title='bbox 381 3706 413 3742; x_wconf 83' lang='lat' dir='ltr'><strong>es</strong></span> <span class='ocrx_word' id='word_1_375' title='bbox 430 3687 517 3752; x_wconf 78' lang='lat' dir='ltr'><strong>ratio,</strong></span> <span class='ocrx_word' id='word_1_376' title='bbox 538 3703 614 3755; x_wconf 84' lang='lat' dir='ltr'><strong>quam</strong></span> <span class='ocrx_word' id='word_1_377' title='bbox 629 3684 740 3753; x_wconf 85' lang='lat' dir='ltr'><strong>posthac</strong></span> <span class='ocrx_word' id='word_1_378' title='bbox 755 3685 952 3739; x_wconf 87' lang='lat' dir='ltr'><strong>illustrabimus.</strong></span> 
     </span>
    </p>
   </div>
   <div class='ocr_carea' id='block_1_6' title="bbox 210 3793 1346 4224">
    <p class='ocr_par' dir='ltr' id='par_1_19' title="bbox 210 3793 1260 3880">
     <span class='ocr_line' id='line_1_40' title="bbox 210 3793 1260 3880; baseline 0.005 -20"><span class='ocrx_word' id='word_1_379' title='bbox 210 3795 215 3804; x_wconf 60' lang='grc'><strong><em>’</em></strong></span> <span class='ocrx_word' id='word_1_380' title='bbox 322 3809 450 3861; x_wconf 80' lang='lat' dir='ltr'><strong>Matthiae</strong></span> <span class='ocrx_word' id='word_1_381' title='bbox 468 3807 500 3860; x_wconf 86' lang='lat' dir='ltr'><strong>ad</strong></span> <span class='ocrx_word' id='word_1_382' title='bbox 522 3805 576 3857; x_wconf 86' lang='lat' dir='ltr'><strong>Cio.</strong></span> <span class='ocrx_word' id='word_1_383' title='bbox 593 3823 619 3874; x_wconf 83' lang='lat' dir='ltr'><strong>p.</strong></span> <span class='ocrx_word' id='word_1_384' title='bbox 637 3805 716 3856; x_wconf 84' lang='lat' dir='ltr'><strong>Rosc.</strong></span> <span class='ocrx_word' id='word_1_385' title='bbox 734 3793 790 3856; x_wconf 73' lang='lat' dir='ltr'><strong>Am.</strong></span> <span class='ocrx_word' id='word_1_386' title='bbox 806 3804 859 3870; x_wconf 87' lang='grc'><strong>88,</strong></span> <span class='ocrx_word' id='word_1_387' title='bbox 877 3805 920 3860; x_wconf 84' lang='grc'><strong>98.</strong></span> <span class='ocrx_word' id='word_1_388' title='bbox 945 3807 1077 3860; x_wconf 83' lang='lat' dir='ltr'><strong>subtiliter</strong></span> <span class='ocrx_word' id='word_1_389' title='bbox 1088 3807 1136 3861; x_wconf 82' lang='lat' dir='ltr'><strong>&#39;ita</strong></span> <span class='ocrx_word' id='word_1_390' title='bbox 1152 3813 1260 3880; x_wconf 83' lang='lat' dir='ltr'><strong>praeci-</strong></span> 
     </span>
    </p>

    <p class='ocr_par' dir='ltr' id='par_1_20' title="bbox 277 3891 1258 3964">
     <span class='ocr_line' id='line_1_41' title="bbox 277 3891 1258 3964; baseline 0.004 -20"><span class='ocrx_word' id='word_1_391' title='bbox 277 3893 333 3964; x_wconf 89' lang='lat' dir='ltr'><strong>pit:</strong></span> <span class='ocrx_word' id='word_1_392' title='bbox 353 3912 386 3946; x_wconf 90' lang='lat' dir='ltr'><strong>ac</strong></span> <span class='ocrx_word' id='word_1_393' title='bbox 405 3911 463 3946; x_wconf 83' lang='lat' dir='ltr'><strong>uon</strong></span> <span class='ocrx_word' id='word_1_394' title='bbox 482 3903 509 3943; x_wconf 89' lang='lat' dir='ltr'><strong>et</strong></span> <span class='ocrx_word' id='word_1_395' title='bbox 526 3901 553 3944; x_wconf 81' lang='lat' dir='ltr'><strong>et</strong></span> <span class='ocrx_word' id='word_1_396' title='bbox 570 3907 626 3943; x_wconf 82' lang='lat' dir='ltr'><strong>uon</strong></span> <span class='ocrx_word' id='word_1_397' title='bbox 637 3893 722 3958; x_wconf 87' lang='lat' dir='ltr'><strong>poni,</strong></span> <span class='ocrx_word' id='word_1_398' title='bbox 743 3893 787 3943; x_wconf 89' lang='lat' dir='ltr'><strong>ubi</strong></span> <span class='ocrx_word' id='word_1_399' title='bbox 803 3891 847 3960; x_wconf 88' lang='lat' dir='ltr'><strong>id,</strong></span> <span class='ocrx_word' id='word_1_400' title='bbox 866 3892 936 3962; x_wconf 84' lang='lat' dir='ltr'><strong>quod</strong></span> <span class='ocrx_word' id='word_1_401' title='bbox 955 3905 1151 3962; x_wconf 83' lang='lat' dir='ltr'><strong>praecesserat,</strong></span> <span class='ocrx_word' id='word_1_402' title='bbox 1170 3899 1258 3948; x_wconf 89' lang='lat' dir='ltr'><strong>corri-</strong></span> 
     </span>
    </p>

    <p class='ocr_par' dir='ltr' id='par_1_21' title="bbox 269 3975 1256 4049">
     <span class='ocr_line' id='line_1_42' title="bbox 269 3975 1256 4049; baseline 0.004 -19"><span class='ocrx_word' id='word_1_403' title='bbox 269 3975 369 4048; x_wconf 80' lang='lat' dir='ltr'><strong>&#39;gutur,</strong></span> <span class='ocrx_word' id='word_1_404' title='bbox 386 3977 423 4029; x_wconf 84' lang='lat' dir='ltr'><strong>ita</strong></span> <span class='ocrx_word' id='word_1_405' title='bbox 440 3987 470 4027; x_wconf 89' lang='lat' dir='ltr'><strong>ut</strong></span> <span class='ocrx_word' id='word_1_406' title='bbox 487 3978 583 4046; x_wconf 84' lang='lat' dir='ltr'><strong>potius</strong></span> <span class='ocrx_word' id='word_1_407' title='bbox 601 3976 716 4044; x_wconf 85' lang='lat' dir='ltr'><strong>suppleri</strong></span> <span class='ocrx_word' id='word_1_408' title='bbox 731 3977 828 4045; x_wconf 73' lang='lat' dir='ltr'><strong>possit:</strong></span> <span class='ocrx_word' id='word_1_409' title='bbox 848 3995 913 4045; x_wconf 87' lang='lat' dir='ltr'><strong>quae</strong></span> <span class='ocrx_word' id='word_1_410' title='bbox 931 3987 993 4045; x_wconf 86' lang='lat' dir='ltr'><strong>post</strong></span> <span class='ocrx_word' id='word_1_411' title='bbox 1007 3997 1040 4029; x_wconf 89' lang='lat' dir='ltr'><strong>ac</strong></span> <span class='ocrx_word' id='word_1_412' title='bbox 1060 3995 1256 4049; x_wconf 77' lang='lat' dir='ltr'><strong>nors,sequuu-</strong></span> 
     </span>
    </p>

    <p class='ocr_par' dir='ltr' id='par_1_22' title="bbox 211 4057 1346 4224">
     <span class='ocr_line' id='line_1_43' title="bbox 211 4057 1255 4132; baseline 0 -16"><span class='ocrx_word' id='word_1_413' title='bbox 211 4061 215 4074; x_wconf 68' lang='lat'><em>¹</em></span> <span class='ocrx_word' id='word_1_414' title='bbox 277 4075 337 4128; x_wconf 87' lang='lat' dir='ltr'><strong>tur,</strong></span> <span class='ocrx_word' id='word_1_415' title='bbox 356 4081 416 4116; x_wconf 81' lang='lat' dir='ltr'><strong>vera</strong></span> <span class='ocrx_word' id='word_1_416' title='bbox 431 4081 487 4115; x_wconf 85' lang='lat' dir='ltr'><strong>esse</strong></span> <span class='ocrx_word' id='word_1_417' title='bbox 505 4057 661 4130; x_wconf 79' lang='lat' dir='ltr'><strong>significari:</strong></span> <span class='ocrx_word' id='word_1_418' title='bbox 680 4072 707 4112; x_wconf 82' lang='lat' dir='ltr'><strong>ut</strong></span> <span class='ocrx_word' id='word_1_419' title='bbox 725 4063 770 4113; x_wconf 90' lang='lat' dir='ltr'><strong>ubi</strong></span> <span class='ocrx_word' id='word_1_420' title='bbox 786 4073 847 4132; x_wconf 85' lang='lat' dir='ltr'><strong>post</strong></span> <span class='ocrx_word' id='word_1_421' title='bbox 870 4062 943 4132; x_wconf 85' lang='lat' dir='ltr'><strong>prius</strong></span> <span class='ocrx_word' id='word_1_422' title='bbox 960 4061 1103 4114; x_wconf 83' lang='lat' dir='ltr'><strong>membrum</strong></span> <span class='ocrx_word' id='word_1_423' title='bbox 1122 4065 1197 4116; x_wconf 86' lang='lat' dir='ltr'><strong>aiens</strong></span> <span class='ocrx_word' id='word_1_424' title='bbox 1215 4065 1255 4116; x_wconf 82' lang='lat' dir='ltr'><strong>sl-</strong></span> 
     </span>
     <span class='ocr_line' id='line_1_44' title="bbox 256 4145 1346 4224; baseline 0.004 -24"><span class='ocrx_word' id='word_1_425' title='bbox 256 4159 362 4224; x_wconf 22' lang='lat' dir='ltr'><strong>&#39;terum</strong></span> <span class='ocrx_word' id='word_1_426' title='bbox 388 4165 487 4218; x_wconf 83' lang='lat' dir='ltr'><strong>negsus</strong></span> <span class='ocrx_word' id='word_1_427' title='bbox 512 4147 646 4216; x_wconf 87' lang='lat' dir='ltr'><strong>sequitur,</strong></span> <span class='ocrx_word' id='word_1_428' title='bbox 674 4145 713 4198; x_wconf 86' lang='lat' dir='ltr'><strong>ita</strong></span> <span class='ocrx_word' id='word_1_429' title='bbox 732 4157 866 4200; x_wconf 84' lang='lat' dir='ltr'><strong>uteorum</strong></span> <span class='ocrx_word' id='word_1_430' title='bbox 882 4145 1129 4216; x_wconf 56' lang='lat' dir='ltr'><strong>drdoiuverti,get</strong></span> <span class='ocrx_word' id='word_1_431' title='bbox 1148 4165 1205 4204; x_wconf 77' lang='grc' dir='ltr'><em>ιιοιι</em></span> <span class='ocrx_word' id='word_1_432' title='bbox 1223 4179 1255 4190; x_wconf 90' lang='grc'>-</span> <span class='ocrx_word' id='word_1_433' title='bbox 1344 4179 1346 4194; x_wconf 88' lang='lat'><em>·</em></span> 
     </span>
    </p>
   </div>
   <div class='ocr_carea' id='block_1_7' title="bbox 0 0 1368 4746">
    <p class='ocr_par' dir='ltr' id='par_1_23' title="bbox 0 0 1368 4746">
     <span class='ocr_line' id='line_1_45' title="bbox 0 0 1368 4746; baseline 0 5"><span class='ocrx_word' id='word_1_434' title='bbox 0 0 1368 4746; x_wconf 95' lang='lat' dir='ltr'><strong> </strong></span> 
     </span>
    </p>
   </div>
  </div>
 </body>
</html>
