2760 4748
242 338 330 426 'aaa
619 365 633 408 κ
746 347 815 420 An.
878 439 889 460 Ι

338 501 391 573 21.
423 505 523 572 Anne
540 507 677 593 ponitur
692 527 756 594 pro
776 529 840 582 cn,
870 509 921 572 cui
944 503 1097 573 adhaeret
1117 507 1240 574 vocula
1268 535 1311 576 ne

255 595 488 682 interrogativa
505 592 571 656 sire
587 593 782 672 dubitativa,
805 616 874 658 non
898 605 1023 661 mutata
1048 595 1119 681 ipsa
1142 595 1311 682 sigtiifica-

255 682 365 749 tione.
388 679 444 744 sed
463 677 518 744 ubi
535 677 732 743 intendenda
756 678 806 742 vel
824 681 968 744 acuenda
990 679 1119 744 videtur
1136 681 1182 745 vis
1199 683 1310 746 inter-

254 790 294 832 ro
320 767 451 830 ationis.
495 762 533 828 ld
550 785 620 830 non
637 765 715 829 solia
734 765 843 850 poetis
859 765 1039 854 proprium
1052 775 1111 845 est,
1133 777 1170 829 nt
1189 769 1309 832 existi·
1364 807 1365 810 =

253 876 307 918 ma
332 863 364 915 at
387 849 573 923 Noltenius.
597 874 632 939 p.
662 855 754 915 1331.
805 849 848 914 Et
882 873 954 916 non
985 861 1113 916 tantum
1140 852 1175 915 in
1197 855 1308 940 prima

251 948 346 1026 parte
364 937 633 1024 interrogationis
658 934 813 1024 ponitur,
840 937 931 1000 euius
958 937 1084 1024 generis
1108 938 1215 1002 multa
1241 941 1306 1004 iam

235 1049 271 1096 *a
288 1023 385 1088 nobis
404 1021 499 1086 allata
522 1011 600 1086 su'nt
617 1021 788 1110 exemplu,
821 1022 878 1086 sed
902 1023 1001 1088 etiam
1015 1025 1050 1086 in
1065 1023 1223 1088 secunda.

365 1142 419 1193 Cic.
438 1140 470 1214 do
492 1141 549 1192 Fin.
569 1139 610 1213 4„
623 1140 655 1214 9,
673 1141 717 1195 23.
742 1141 809 1215 quid
828 1145 901 1198 onim
919 1145 1052 1205 interest,
1071 1140 1206 1211 divitias,
1228 1161 1304 1214 opos,
1364 1119 1365 1146 l

320 1225 513 1280 valetudinem
529 1225 707 1290 bonadteus,
727 1248 798 1280 anno
822 1231 996 1299 praeposita.
1019 1227 1064 1278 ubi
1083 1229 1189 1280 Ernest.
1210 1230 1304 1293 „delc-

321 1313 371 1364 rim
390 1313 453 1371 ne,“
471 1310 565 1378 iuquit,
585 1309 675 1378 „quod
693 1311 731 1362 sic
748 1313 810 1362 addi
829 1314 857 1364 in
875 1313 959 1364 altera
974 1321 1051 1380 parte
1068 1329 1122 1364 non
1140 1314 1239 1366 solet.“
1255 1316 1303 1366 Sed

284 1445 290 1460 ,
320 1397 399 1448 Acad.
423 1391 587 1460 2,15,48.
609 1405 640 1446 ut
661 1413 716 1447 non
742 1395 825 1449 modo
854 1413 910 1449 non
936 1397 1112 1448 internoscat
1132 1385 1302 1460 visaruera

315 1481 375 1537 itta
393 1486 467 1544 sint,
495 1499 568 1534 anne
586 1474 681 1549 falsa.
718 1483 791 1533 Orat.
815 1479 867 1545 61,
892 1479 952 1534 206.
981 1481 1183 1551 quaerendum,
1214 1495 1301 1537 utrum

298 1569 544 1638 'unuspecieset
564 1563 711 1636 longitudo
732 1568 898 1628 siccarum,
926 1585 999 1620 anne
1022 1564 1128 1637 pirates.
1162 1567 1193 1618 in
1207 1570 1260 1620 Pis.
1278 1569 1301 1633 1,

318 1651 344 1706 3.
376 1651 456 1704 Acad.
483 1652 518 1714 2,
545 1650 594 1713 29,
623 1650 665 1703 93.
692 1649 726 1702 ad
748 1656 803 1704 Att.
832 1649 944 1720 12,15.
970 1652 1023 1703 vid.
1045 1651 1172 1704 Schelleri
1192 1655 1299 1708 observ.

319 1758 346 1808 p.
365 1737 423 1790 197.
440 1757 466 1806 p.
484 1739 514 1787 L.
531 1738 601 1786 Man.
620 1735 671 1798 19,
690 1733 733 1787 57.
754 1746 808 1806 qao
829 1736 897 1791 milti
921 1740 1006 1790 otiam
1031 1737 1174 1808 indignius
1191 1739 1300 1793 uidetur

320 1819 504 1874 obtrectatum
522 1839 581 1874 esse
598 1819 689 1872 adhuc
712 1820 837 1876 Gabinio
856 1822 965 1883 dicam,
991 1841 1063 1875 anne
1084 1823 1230 1892 Ponrpeio.
1259 1825 1301 1877 ubi
1364 1809 1365 1816 ¹

262 1893 269 1904 ¹
318 1906 371 1958 vid.
389 1905 525 1957 Matthiae.
558 1907 640 1957 Plaut.
658 1906 751 1974 Amph.
770 1906 804 1969 1,
824 1907 855 1969 1,
876 1905 917 1958 19.
938 1925 987 1960 nec
1010 1925 1129 1978 aequom
1153 1929 1228 1964 anne
1253 1915 1302 1966 ini·
1364 1963 1365 1974 ,

319 2009 402 2064 quom
421 1994 553 2060 imperet,
574 1989 719 2061 cogitabit.
754 1992 850 2060 virgil.
865 1992 948 2055 G.2,
968 1990 1027 2042 158.
1051 1993 1105 2044 vid.
1130 1995 1241 2047 Bentlei.
1270 1997 1300 2047 ad
1364 2015 1365 2036 u

318 2081 411 2131 Horat.
431 2076 515 2127 Germ.
536 2075 568 2140 1,
587 2075 639 2142 12,
655 2073 698 2128 35.
730 2077 829 2139 Erant,
849 2078 893 2145 qui
909 2077 1055 2145 particulae
1073 2097 1107 2132 ne
1126 2080 1180 2132 rim
1191 2082 1299 2146 ¹tribac-

196 2195 198 2203 ι
285 2208 287 2212 .
319 2175 380 2218 rent
398 2155 560 2230 negativam,
581 2161 654 2229 quasi
671 2180 743 2232 anne
757 2161 891 2213 diceretur
921 2179 971 2231 pro
997 2175 1100 2215 annom
1136 2167 1298 2217 Hermannas

317 2253 345 2302 in
364 2250 471 2318 Ephem.
488 2247 560 2316 Lips.
582 2245 658 2298 1819.
679 2265 705 2316 p.
724 2245 784 2306 976.
808 2267 880 2300 anne
896 2247 1056 2320 eristimavit
1073 2251 1153 2318 poni,
1184 2253 1230 2302 nbi
1250 2254 1297 2303 da-

288 2387 292 2393 ,
317 2334 442 2388 bitationi
455 2332 949 2408 admixtaessetaliquaprobabilitasu
962 2333 1032 2402 quod
1048 2351 1102 2386 non
1121 2347 1227 2388 constat
1245 2321 1297 2390 usu.

334 2455 387 2515 22.
424 2449 476 2512 Ex
502 2447 699 2522 curatione,
730 2471 830 2534 quam
857 2451 1022 2514 inversam
1042 2451 1117 2516 'esse
1144 2453 1297 2533 diximus,
1363 2517 1364 2530 ,

250 2525 462 2621 intelligitur,
497 2533 670 2682 ‹iuomodo
702 2557 749 2596 an
780 2535 995 2600 coniunctum
1022 2559 1098 2602 cum
1123 2544 1298 2627 negatione

250 2645 337 2703 non,
369 2619 460 2708 qu'od
487 2618 538 2682 aii
563 2617 713 2682 scribunt
735 2641 868 2700 annon,
905 2643 969 2706 pro
996 2646 1109 2700 nancte
1140 2632 1297 2712 pbnatnr.

250 2709 344 2774 sicuti
367 2731 415 2774 un
439 2727 502 2794 pro
527 2726 608 2795 num
634 2703 822 2790 saepissime
847 2703 977 2770 dicitur.
1023 2711 1089 2774 Sed
1112 2710 1148 2776 in
1172 2711 1225 2778 his
1247 2723 1297 2777 aut

251 2796 372 2860 omissa
397 2802 446 2856 est
471 2791 565 2879 prior
585 2813 663 2878 pars
686 2792 864 2860 sententiae
889 2791 1119 2870 disiunctivne‚
1158 2809 1217 2861 aut
1240 2800 1297 2864 alia

249 2879 474 2944 enuntiatione
496 2897 652 2964 expressa
678 2887 742 2939 est.⁴
789 2879 974 2963 Vtrumque
1007 2881 1211 2948 vocabulum
1232 2907 1295 2948 uno
1363 2907 1364 2910 ¹

249 2975 385 3046 accentu
401 2963 499 3028 inan
515 2964 626 3060 posito
650 2961 852 3042 continetur,
887 2985 993 3050 neque
1020 2965 1177 3032 adhaeret
1199 2995 1295 3058 negu-

248 3054 296 3117 tio
321 3049 441 3131 verbo,
470 3049 533 3112 nisi
555 3046 611 3110 ubi
632 3047 771 3133 propria
794 3049 842 3114 vis
870 3051 1120 3134 oppositionem
1142 3055 1294 3124 intendit.

248 3139 388 3204 Additur·
401 3157 503 3212 vero,
525 3141 563 3195 ut
578 3132 613 3194 in
631 3131 783 3216 reliquis,
807 3134 846 3197 ud
863 3135 1046 3222 aagendam
1064 3137 1142 3204 vini.

349 3257 456 3305 Terent.
474 3251 555 3302 Andr.
576 3249 609 3316 3,
627 3248 661 3316 5,
683 3245 724 3302 15'.
746 3242 800 3324 duo
814 3246 911 3320 fretus
929 3256 1006 3330 siml
1024 3279 1062 3312 an
1079 3277 1136 3312 non
1156 3257 1223 3314 dixi
1240 3277 1296 3316 etse

252 3359 256 3370 ·
313 3337 365 3392 lroc
385 3333 541 3408 futurum?
569 3336 588 3390 i.
610 3355 634 3389 e.
661 3355 722 3390 num
749 3354 800 3405 quo
822 3337 909 3390 fretus
932 3336 999 3406 sim,
1029 3362 1063 3394 an
1088 3363 1141 3395 non
1166 3346 1224 3396 dixi
1247 3320 1295 3398 ele.
1362 3371 1363 3396 i

310 3427 396 3479 Varro
417 3423 449 3474 de
466 3424 495 3474 L.
516 3423 546 3474 L.
562 3423 596 3484 4,
617 3419 688 3485 1‚5.
706 3423 758 3474 vid.
777 3442 804 3491 p.
823 3421 883 3476 335.
912 3426 965 3483 Cio.
983 3447 1009 3496 p.
1028 3429 1103 3482 Cnec.
1123 3428 1165 3490 17,
1185 3429 1229 3482 50.
1250 3449 1296 3486 cus

313 3495 386 3564 enim
412 3527 475 3562 vere
498 3525 647 3576 possumus
673 3507 762 3560 dicere
789 3525 849 3562 esse
873 3509 1004 3568 deiectos.
1038 3517 1085 3567 An
1109 3532 1183 3578 non,
1211 3499 1307 3587 quum¹

312 3595 444 3649 voluntas
460 3606 487 3646 et
504 3592 650 3644 consilium
668 3603 696 3644 et
715 3596 853 3670 sententia
873 3597 1014 3652 interdicti
1032 3598 1229 3670 intelligatur,
1247 3604 1297 3655 ἰήι-

205 3705 216 3718 =
311 3661 477 3751 prudentiam
496 3695 630 3728 summam
649 3692 700 3729 aut
716 3675 868 3732 stultitiam
887 3682 1056 3752 singularem
1073 3682 1249 3753 putabimus,
1268 3691 1297 3740 in

294 3763 456 3818 ,verborum
475 3781 564 3815 errore
584 3767 688 3816 uersari
706 3763 760 3814 -7
781 3763 813 3814 de
830 3767 896 3833 liep.
912 3765 946 3830 3,
963 3765 1005 3819 25.
1024 3769 1092 3836 apud
1110 3772 1297 3838 Augustinum.

308 3849 365 3900 Liv.
389 3850 433 3912 Q*
451 3847 503 3914 38,
528 3839 554 3901 2}
586 3845 749 3900 hodiernum
773 3845 843 3901 lianc
865 3851 1061 3906 contumeliam
1088 3873 1143 3924 quo
1180 3859 1296 3912 tandem

311 3933 405 3986 animo
417 3927 516 4001 fertis,
533 3951 586 4004 qua
607 3953 657 4002 per
674 3943 796 3984 nostram
811 3927 991 4006 ignominiam
1010 3933 1091 3990 didos
1112 3945 1297 3997 commisere?

309 4039 347 4072 an
369 4036 425 4070 non
443 4017 584 4080 sensistis,
605 4015 805 4078 triumuiratum
828 4014 914 4074 laodic?
929 4011 963 4074 de
978 4020 1059 4075 vobis
1077 4025 1157 4078 esse?
1178 4027 1253 4080 Curt.
1270 4029 1297 4094 t,

309 4102 340 4168 1,
359 4099 402 4154 29.
420 4093 443 4153 is
462 4099 540 4173 apud
558 4110 584 4152 te
595 4097 668 4170 fuit,
691 4092 766 4156 iuius
782 4108 904 4176 gratiam
918 4118 1044 4176 expetere
1061 4111 1091 4161 ct
1105 4114 1177 4174 iram
1196 4115 1296 4170 timere

307 4179 471 4260 possemus,
496 4179 543 4240 uln
563 4202 617 4240 non
638 4189 841 4258 propemodum
860 4194 889 4246 in
909 4172 958 4246 tica
973 4191 1056 4248 verba
1074 4197 1117 4253 tui
1135 4213 1245 4263 omnes,
1265 4213 1294 4253 te
1361 4193 1362 4232 1
