<?xml version="1.0" encoding="UTF-8"?>
<!DOCTYPE html PUBLIC "-//W3C//DTD XHTML 1.0 Transitional//EN"
    "http://www.w3.org/TR/xhtml1/DTD/xhtml1-transitional.dtd">
<html xmlns="http://www.w3.org/1999/xhtml" xml:lang="en" lang="en">
 <head>
  <title>
</title>
<meta http-equiv="Content-Type" content="text/html;charset=utf-8" />
  <meta name='ocr-system' content='tesseract 3.04.00' />
  <meta name='ocr-capabilities' content='ocr_page ocr_carea ocr_par ocr_line ocrx_word'/>
</head>
<body>
  <div class='ocr_page' id='page_1' title='image "./ferdinandihandi00torsgoog_0514.png"; bbox 0 0 2726 4746; ppageno 0'>
   <div class='ocr_carea' id='block_1_1' title="bbox 234 322 892 448">
    <p class='ocr_par' dir='ltr' id='par_1_1' title="bbox 180 322 892 448">
     <span class='ocr_line' id='line_1_1' title="bbox 234 322 892 448; baseline -0.007 -49.379"><span class='ocrx_word' id='word_1_1' title='bbox 234 333 298 399; x_wconf 80' lang='lat' dir='ltr'><strong>aaa</strong></span> <span class='ocrx_word' id='word_1_2' title='bbox 617 323 781 409; x_wconf 73' lang='lat' dir='ltr'><strong>nuova.</strong></span> <span class='ocrx_word' id='word_1_3' title='bbox 824 322 892 448; x_wconf 75' lang='lat' dir='ltr'><strong>aa</strong></span> 
     </span>
    </p>
   </div>
   <div class='ocr_carea' id='block_1_2' title="bbox 140 477 1284 1861">
    <p class='ocr_par' dir='ltr' id='par_1_2' title="bbox 140 477 1284 1861">
     <span class='ocr_line' id='line_1_2' title="bbox 319 477 1281 572; baseline -0.002 -20"><span class='ocrx_word' id='word_1_4' title='bbox 319 488 371 552; x_wconf 85' lang='grc'><strong>16.</strong></span> <span class='ocrx_word' id='word_1_5' title='bbox 403 483 552 550; x_wconf 76' lang='lat' dir='ltr'>Transeo</span> <span class='ocrx_word' id='word_1_6' title='bbox 572 480 613 546; x_wconf 88' lang='lat' dir='ltr'><strong>ad</strong></span> <span class='ocrx_word' id='word_1_7' title='bbox 634 482 946 570; x_wconf 71' lang='lat' dir='ltr'><strong>assumptionem‘et</strong></span> <span class='ocrx_word' id='word_1_8' title='bbox 960 477 1281 572; x_wconf 78' lang='lat' dir='ltr'><strong>praesumptionem.</strong></span> 
     </span>
     <span class='ocr_line' id='line_1_3' title="bbox 232 567 1284 656; baseline -0.006 -16"><span class='ocrx_word' id='word_1_9' title='bbox 232 573 326 640; x_wconf 83' lang='lat' dir='ltr'><strong>Nam&#39;</strong></span> <span class='ocrx_word' id='word_1_10' title='bbox 334 593 406 638; x_wconf 92' lang='lat' dir='ltr'><strong>eam</strong></span> <span class='ocrx_word' id='word_1_11' title='bbox 420 570 487 634; x_wconf 86' lang='lat' dir='ltr'><strong>vim</strong></span> <span class='ocrx_word' id='word_1_12' title='bbox 503 567 604 632; x_wconf 92' lang='lat' dir='ltr'><strong>habet</strong></span> <span class='ocrx_word' id='word_1_13' title='bbox 624 567 704 633; x_wconf 90' lang='lat' dir='ltr'><strong>haee</strong></span> <span class='ocrx_word' id='word_1_14' title='bbox 727 569 906 656; x_wconf 83' lang='lat' dir='ltr'><strong>particula,</strong></span> <span class='ocrx_word' id='word_1_15' title='bbox 930 579 968 632; x_wconf 89' lang='lat' dir='ltr'><strong>ut</strong></span> <span class='ocrx_word' id='word_1_16' title='bbox 990 569 1078 634; x_wconf 87' lang='lat' dir='ltr'><strong>aliud</strong></span> <span class='ocrx_word' id='word_1_17' title='bbox 1099 571 1181 654; x_wconf 89' lang='lat' dir='ltr'><strong>quid</strong></span> <span class='ocrx_word' id='word_1_18' title='bbox 1199 571 1284 636; x_wconf 92' lang='lat' dir='ltr'><strong>adii-</strong></span> 
     </span>
     <span class='ocr_line' id='line_1_4' title="bbox 163 654 1282 744; baseline -0.004 -21"><span class='ocrx_word' id='word_1_19' title='bbox 163 721 168 738; x_wconf 75' lang='lat'><strong>,</strong></span> <span class='ocrx_word' id='word_1_20' title='bbox 233 661 297 723; x_wconf 89' lang='lat' dir='ltr'><strong>ciat</strong></span> <span class='ocrx_word' id='word_1_21' title='bbox 315 657 440 744; x_wconf 88' lang='lat' dir='ltr'><strong>aequali</strong></span> <span class='ocrx_word' id='word_1_22' title='bbox 463 675 504 717; x_wconf 91' lang='lat' dir='ltr'><strong>ex</strong></span> <span class='ocrx_word' id='word_1_23' title='bbox 525 654 671 739; x_wconf 83' lang='lat' dir='ltr'><strong>ratione,</strong></span> <span class='ocrx_word' id='word_1_24' title='bbox 695 677 761 740; x_wconf 91' lang='lat' dir='ltr'><strong>quo</strong></span> <span class='ocrx_word' id='word_1_25' title='bbox 783 654 883 718; x_wconf 88' lang='lat' dir='ltr'><strong>simul</strong></span> <span class='ocrx_word' id='word_1_26' title='bbox 909 654 1282 740; x_wconf 74' lang='lat' dir='ltr'><strong>eomprehens0‚.eon-</strong></span> 
     </span>
     <span class='ocr_line' id='line_1_5' title="bbox 233 740 1284 819; baseline -0.004 -10"><span class='ocrx_word' id='word_1_27' title='bbox 233 745 336 809; x_wconf 89' lang='lat' dir='ltr'><strong>elusio</strong></span> <span class='ocrx_word' id='word_1_28' title='bbox 353 740 544 806; x_wconf 85' lang='lat' dir='ltr'><strong>conficitur:</strong></span> <span class='ocrx_word' id='word_1_29' title='bbox 570 761 630 804; x_wconf 90' lang='lat' dir='ltr'><strong>nee</strong></span> <span class='ocrx_word' id='word_1_30' title='bbox 645 751 755 819; x_wconf 81' lang='lat' dir='ltr'><strong>tamen</strong></span> <span class='ocrx_word' id='word_1_31' title='bbox 774 761 906 804; x_wconf 86' lang='lat' dir='ltr'><strong>neeesse</strong></span> <span class='ocrx_word' id='word_1_32' title='bbox 930 751 996 812; x_wconf 84' lang='lat' dir='ltr'><strong>ast,</strong></span> <span class='ocrx_word' id='word_1_33' title='bbox 1018 741 1192 806; x_wconf 86' lang='lat' dir='ltr'><strong>conclusio</strong></span> <span class='ocrx_word' id='word_1_34' title='bbox 1215 743 1226 805; x_wconf 94' lang='lat' dir='ltr'><strong>i</strong></span> <span class='ocrx_word' id='word_1_35' title='bbox 1250 766 1284 805; x_wconf 85' lang='lat' dir='ltr'><strong>sa</strong></span> 
     </span>
     <span class='ocr_line' id='line_1_6' title="bbox 140 767 1250 914; baseline 0 -22"><span class='ocrx_word' id='word_1_36' title='bbox 140 816 157 892; x_wconf 55' lang='lat' dir='ltr'><em>s</em></span> <span class='ocrx_word' id='word_1_37' title='bbox 230 829 341 896; x_wconf 82' lang='lat' dir='ltr'><strong>verbis</strong></span> <span class='ocrx_word' id='word_1_38' title='bbox 358 828 576 914; x_wconf 73' lang='lat' dir='ltr'><strong>exprimatur.</strong></span> <span class='ocrx_word' id='word_1_39' title='bbox 619 825 727 905; x_wconf 88' lang='lat' dir='ltr'><strong>Quam</strong></span> <span class='ocrx_word' id='word_1_40' title='bbox 745 825 889 890; x_wconf 84' lang='lat' dir='ltr'><strong>formam</strong></span> <span class='ocrx_word' id='word_1_41' title='bbox 907 827 1114 910; x_wconf 87' lang='lat' dir='ltr'><strong>grammatiei</strong></span> <span class='ocrx_word' id='word_1_42' title='bbox 1131 767 1250 892; x_wconf 77' lang='lat' dir='ltr'><strong>cumi</strong></span> 
     </span>
     <span class='ocr_line' id='line_1_7' title="bbox 232 911 1283 1004; baseline -0.001 -26"><span class='ocrx_word' id='word_1_43' title='bbox 232 916 311 1004; x_wconf 81' lang='lat' dir='ltr'><strong>gieio</strong></span> <span class='ocrx_word' id='word_1_44' title='bbox 333 912 595 998; x_wconf 70' lang='lat' dir='ltr'><strong>assumptionem</strong></span> <span class='ocrx_word' id='word_1_45' title='bbox 617 923 746 976; x_wconf 85' lang='lat' dir='ltr'><strong>voeaut.</strong></span> <span class='ocrx_word' id='word_1_46' title='bbox 788 911 856 976; x_wconf 86' lang='lat' dir='ltr'><strong>Nos</strong></span> <span class='ocrx_word' id='word_1_47' title='bbox 875 911 1031 976; x_wconf 80' lang='lat' dir='ltr'><strong>Germani</strong></span> <span class='ocrx_word' id='word_1_48' title='bbox 1056 933 1164 997; x_wconf 91' lang='lat' dir='ltr'><strong>quum</strong></span> <span class='ocrx_word' id='word_1_49' title='bbox 1188 914 1223 976; x_wconf 91' lang='lat' dir='ltr'><strong>in</strong></span> <span class='ocrx_word' id='word_1_50' title='bbox 1247 936 1283 977; x_wconf 89' lang='lat' dir='ltr'><strong>ea</strong></span> 
     </span>
     <span class='ocr_line' id='line_1_8' title="bbox 233 995 1283 1095; baseline -0.003 -30"><span class='ocrx_word' id='word_1_51' title='bbox 233 1000 429 1066; x_wconf 74' lang='lat' dir='ltr'><strong>adhibemus</strong></span> <span class='ocrx_word' id='word_1_52' title='bbox 442 995 600 1061; x_wconf 89' lang='lat' dir='ltr'><strong>voeabula</strong></span> <span class='ocrx_word' id='word_1_53' title='bbox 613 1019 684 1062; x_wconf 74' lang='lat' dir='ltr'><strong>utin</strong></span> <span class='ocrx_word' id='word_1_54' title='bbox 699 1008 730 1062; x_wconf 91' lang='lat' dir='ltr'><strong>et</strong></span> <span class='ocrx_word' id='word_1_55' title='bbox 748 995 926 1095; x_wconf 74' lang='lat' dir='ltr'><strong>nuuubeq,</strong></span> <span class='ocrx_word' id='word_1_56' title='bbox 944 995 1168 1084; x_wconf 84' lang='lat' dir='ltr'><strong>significamus</strong></span> <span class='ocrx_word' id='word_1_57' title='bbox 1186 997 1283 1064; x_wconf 87' lang='lat' dir='ltr'><strong>uliam</strong></span> 
     </span>
     <span class='ocr_line' id='line_1_9' title="bbox 163 1081 1283 1170; baseline 0.003 -24"><span class='ocrx_word' id='word_1_58' title='bbox 163 1139 167 1146; x_wconf 89' lang='lat'><strong>.</strong></span> <span class='ocrx_word' id='word_1_59' title='bbox 229 1109 306 1154; x_wconf 81' lang='lat' dir='ltr'><strong>rem</strong></span> <span class='ocrx_word' id='word_1_60' title='bbox 322 1083 501 1170; x_wconf 89' lang='lat' dir='ltr'><strong>aequaliter</strong></span> <span class='ocrx_word' id='word_1_61' title='bbox 523 1103 593 1146; x_wconf 85' lang='lat' dir='ltr'><strong>esse</strong></span> <span class='ocrx_word' id='word_1_62' title='bbox 616 1083 898 1148; x_wconf 85' lang='lat' dir='ltr'><strong>considerandam.</strong></span> <span class='ocrx_word' id='word_1_63' title='bbox 940 1081 1086 1146; x_wconf 83' lang='lat' dir='ltr'><strong>Tantum</strong></span> <span class='ocrx_word' id='word_1_64' title='bbox 1112 1105 1196 1148; x_wconf 90' lang='lat' dir='ltr'><strong>vero</strong></span> <span class='ocrx_word' id='word_1_65' title='bbox 1222 1085 1283 1149; x_wconf 90' lang='lat' dir='ltr'><strong>ab·</strong></span> 
     </span>
     <span class='ocr_line' id='line_1_10' title="bbox 231 1165 1284 1256; baseline -0.005 -19"><span class='ocrx_word' id='word_1_66' title='bbox 231 1183 299 1253; x_wconf 88' lang='lat' dir='ltr'><strong>est,</strong></span> <span class='ocrx_word' id='word_1_67' title='bbox 320 1169 448 1244; x_wconf 90' lang='lat' dir='ltr'><strong>utillud</strong></span> <span class='ocrx_word' id='word_1_68' title='bbox 466 1165 547 1232; x_wconf 80' lang='lat' dir='ltr'><strong>uber</strong></span> <span class='ocrx_word' id='word_1_69' title='bbox 570 1168 668 1232; x_wconf 86' lang='lat' dir='ltr'><strong>etiarn</strong></span> <span class='ocrx_word' id='word_1_70' title='bbox 686 1168 845 1255; x_wconf 82' lang='lat' dir='ltr'><strong>particula</strong></span> <span class='ocrx_word' id='word_1_71' title='bbox 868 1167 973 1232; x_wconf 51' lang='lat' dir='ltr'><strong>latina¹</strong></span> <span class='ocrx_word' id='word_1_72' title='bbox 993 1167 1218 1256; x_wconf 84' lang='lat' dir='ltr'><strong>significetur,</strong></span> <span class='ocrx_word' id='word_1_73' title='bbox 1246 1180 1284 1232; x_wconf 93' lang='lat' dir='ltr'><strong>ut</strong></span> 
     </span>
     <span class='ocr_line' id='line_1_11' title="bbox 230 1252 1284 1348; baseline -0.003 -25"><span class='ocrx_word' id='word_1_74' title='bbox 230 1259 302 1348; x_wconf 88' lang='lat' dir='ltr'><strong>ipsa</strong></span> <span class='ocrx_word' id='word_1_75' title='bbox 318 1257 380 1321; x_wconf 90' lang='lat' dir='ltr'><strong>hue</strong></span> <span class='ocrx_word' id='word_1_76' title='bbox 389 1277 431 1318; x_wconf 83' lang='lat' dir='ltr'><strong>re</strong></span> <span class='ocrx_word' id='word_1_77' title='bbox 445 1252 662 1340; x_wconf 85' lang='lat' dir='ltr'><strong>distinguatur</strong></span> <span class='ocrx_word' id='word_1_78' title='bbox 679 1275 715 1317; x_wconf 90' lang='lat' dir='ltr'><strong>ea</strong></span> <span class='ocrx_word' id='word_1_79' title='bbox 740 1254 781 1319; x_wconf 89' lang='lat' dir='ltr'><strong>ab</strong></span> <span class='ocrx_word' id='word_1_80' title='bbox 805 1253 965 1319; x_wconf 84' lang='lat' dir='ltr'><strong>vocabulo</strong></span> <span class='ocrx_word' id='word_1_81' title='bbox 982 1254 1094 1342; x_wconf 86' lang='lat' dir='ltr'><strong>atqui,</strong></span> <span class='ocrx_word' id='word_1_82' title='bbox 1119 1255 1173 1319; x_wconf 90' lang='lat' dir='ltr'><strong>eui</strong></span> <span class='ocrx_word' id='word_1_83' title='bbox 1196 1277 1284 1342; x_wconf 90' lang='lat' dir='ltr'><strong>pro·</strong></span> 
     </span>
     <span class='ocr_line' id='line_1_12' title="bbox 229 1338 1282 1433; baseline 0 -27"><span class='ocrx_word' id='word_1_84' title='bbox 229 1343 305 1433; x_wconf 86' lang='lat' dir='ltr'><strong>pria</strong></span> <span class='ocrx_word' id='word_1_85' title='bbox 320 1343 367 1406; x_wconf 88' lang='lat' dir='ltr'><strong>vis</strong></span> <span class='ocrx_word' id='word_1_86' title='bbox 382 1339 580 1404; x_wconf 80' lang='lat' dir='ltr'><strong>adversativa</strong></span> <span class='ocrx_word' id='word_1_87' title='bbox 599 1338 757 1406; x_wconf 84' lang='lat' dir='ltr'><strong>inhaeret.</strong></span> <span class='ocrx_word' id='word_1_88' title='bbox 793 1339 839 1419; x_wconf 27' lang='lat' dir='ltr'><strong>&#39;ln</strong></span> <span class='ocrx_word' id='word_1_89' title='bbox 859 1339 1020 1426; x_wconf 83' lang='lat' dir='ltr'><strong>particula</strong></span> <span class='ocrx_word' id='word_1_90' title='bbox 1041 1352 1144 1428; x_wconf 82' lang='lat' dir='ltr'><strong>utque</strong></span> <span class='ocrx_word' id='word_1_91' title='bbox 1166 1363 1282 1428; x_wconf 90' lang='lat' dir='ltr'><strong>oppo-</strong></span> 
     </span>
     <span class='ocr_line' id='line_1_13' title="bbox 229 1423 1280 1512; baseline -0.002 -19"><span class='ocrx_word' id='word_1_92' title='bbox 229 1429 307 1494; x_wconf 87' lang='lat' dir='ltr'><strong>sitio</strong></span> <span class='ocrx_word' id='word_1_93' title='bbox 325 1427 379 1491; x_wconf 81' lang='lat' dir='ltr'><strong>&#39;est</strong></span> <span class='ocrx_word' id='word_1_94' title='bbox 401 1423 510 1504; x_wconf 88' lang='lat' dir='ltr'><strong>nulla,</strong></span> <span class='ocrx_word' id='word_1_95' title='bbox 545 1435 633 1510; x_wconf 78' lang='lat' dir='ltr'><strong>certo</strong></span> <span class='ocrx_word' id='word_1_96' title='bbox 655 1447 724 1490; x_wconf 91' lang='lat' dir='ltr'><strong>nou</strong></span> <span class='ocrx_word' id='word_1_97' title='bbox 754 1425 954 1512; x_wconf 73' lang='lat' dir='ltr'><strong>exprimitur</strong></span> <span class='ocrx_word' id='word_1_98' title='bbox 977 1447 1042 1490; x_wconf 89' lang='lat' dir='ltr'><strong>una</strong></span> <span class='ocrx_word' id='word_1_99' title='bbox 1064 1425 1127 1489; x_wconf 89' lang='lat' dir='ltr'><strong>hae</strong></span> <span class='ocrx_word' id='word_1_100' title='bbox 1152 1427 1280 1491; x_wconf 87' lang='lat' dir='ltr'><strong>vocula.</strong></span> 
     </span>
     <span class='ocr_line' id='line_1_14' title="bbox 224 1510 1280 1598; baseline -0.001 -20"><span class='ocrx_word' id='word_1_101' title='bbox 224 1515 444 1594; x_wconf 59' lang='lat' dir='ltr'><strong>,Contrarium</strong></span> <span class='ocrx_word' id='word_1_102' title='bbox 460 1520 598 1598; x_wconf 90' lang='lat' dir='ltr'><strong>apparet</strong></span> <span class='ocrx_word' id='word_1_103' title='bbox 614 1510 648 1574; x_wconf 90' lang='lat' dir='ltr'><strong>in</strong></span> <span class='ocrx_word' id='word_1_104' title='bbox 663 1522 719 1587; x_wconf 86' lang='lat' dir='ltr'><strong>ot,</strong></span> <span class='ocrx_word' id='word_1_105' title='bbox 748 1521 781 1575; x_wconf 87' lang='lat' dir='ltr'><strong>et</strong></span> <span class='ocrx_word' id='word_1_106' title='bbox 796 1511 946 1575; x_wconf 84' lang='lat' dir='ltr'><strong>distinata</strong></span> <span class='ocrx_word' id='word_1_107' title='bbox 962 1533 1038 1576; x_wconf 87' lang='lat' dir='ltr'><strong>cum</strong></span> <span class='ocrx_word' id='word_1_108' title='bbox 1057 1511 1221 1584; x_wconf 83' lang='lat' dir='ltr'><strong>relatione</strong></span> <span class='ocrx_word' id='word_1_109' title='bbox 1244 1515 1280 1577; x_wconf 89' lang='lat' dir='ltr'><strong>in</strong></span> 
     </span>
     <span class='ocr_line' id='line_1_15' title="bbox 144 1595 1279 1688; baseline 0.003 -28"><span class='ocrx_word' id='word_1_110' title='bbox 144 1641 149 1660; x_wconf 84' lang='lat'><strong>.</strong></span> <span class='ocrx_word' id='word_1_111' title='bbox 231 1600 339 1688; x_wconf 81' lang='lat' dir='ltr'><strong>utqui.</strong></span> <span class='ocrx_word' id='word_1_112' title='bbox 383 1595 481 1678; x_wconf 91' lang='lat' dir='ltr'><strong>Quod</strong></span> <span class='ocrx_word' id='word_1_113' title='bbox 505 1605 613 1660; x_wconf 89' lang='lat' dir='ltr'><strong>autem</strong></span> <span class='ocrx_word' id='word_1_114' title='bbox 639 1597 673 1660; x_wconf 93' lang='lat' dir='ltr'><strong>in</strong></span> <span class='ocrx_word' id='word_1_115' title='bbox 699 1597 849 1682; x_wconf 84' lang='lat' dir='ltr'><strong>plurimis</strong></span> <span class='ocrx_word' id='word_1_116' title='bbox 873 1597 1033 1684; x_wconf 87' lang='lat' dir='ltr'><strong>exemplis</strong></span> <span class='ocrx_word' id='word_1_117' title='bbox 1055 1598 1211 1683; x_wconf 86' lang='lat' dir='ltr'><strong>proxime</strong></span> <span class='ocrx_word' id='word_1_118' title='bbox 1227 1623 1279 1663; x_wconf 89' lang='lat' dir='ltr'><strong>se-</strong></span> 
     </span>
     <span class='ocr_line' id='line_1_16' title="bbox 231 1681 1279 1772; baseline 0 -22"><span class='ocrx_word' id='word_1_119' title='bbox 231 1685 346 1772; x_wconf 81' lang='lat' dir='ltr'><strong>quitur</strong></span> <span class='ocrx_word' id='word_1_120' title='bbox 359 1703 549 1771; x_wconf 86' lang='lat' dir='ltr'><strong>pronomen</strong></span> <span class='ocrx_word' id='word_1_121' title='bbox 564 1683 738 1768; x_wconf 88' lang='lat' dir='ltr'><strong>personale</strong></span> <span class='ocrx_word' id='word_1_122' title='bbox 753 1682 806 1749; x_wconf 86' lang='lat' dir='ltr'><strong>vel</strong></span> <span class='ocrx_word' id='word_1_123' title='bbox 825 1681 1143 1766; x_wconf 82' lang='lat' dir='ltr'><strong>demonstrativum,</strong></span> <span class='ocrx_word' id='word_1_124' title='bbox 1164 1684 1201 1748; x_wconf 92' lang='lat' dir='ltr'><strong>id</strong></span> <span class='ocrx_word' id='word_1_125' title='bbox 1223 1707 1279 1750; x_wconf 88' lang='lat' dir='ltr'><strong>ae-</strong></span> 
     </span>
     <span class='ocr_line' id='line_1_17' title="bbox 231 1765 690 1861; baseline -0.015 -25"><span class='ocrx_word' id='word_1_126' title='bbox 231 1769 396 1861; x_wconf 87' lang='lat' dir='ltr'><strong>quationis</strong></span> <span class='ocrx_word' id='word_1_127' title='bbox 413 1767 445 1831; x_wconf 89' lang='lat' dir='ltr'><strong>vi</strong></span> <span class='ocrx_word' id='word_1_128' title='bbox 462 1765 615 1831; x_wconf 82' lang='lat' dir='ltr'><strong>eflicitur.</strong></span> <span class='ocrx_word' id='word_1_129' title='bbox 688 1799 690 1804; x_wconf 96' lang='lat'>·</span> 
     </span>
    </p>
   </div>
   <div class='ocr_carea' id='block_1_3' title="bbox 202 1855 1344 2788">
    <p class='ocr_par' dir='ltr' id='par_1_3' title="bbox 202 1855 1344 2788">
     <span class='ocr_line' id='line_1_18' title="bbox 335 1855 1275 1944; baseline 0.001 -23"><span class='ocrx_word' id='word_1_130' title='bbox 335 1871 388 1922; x_wconf 86' lang='lat' dir='ltr'><strong>cie.</strong></span> <span class='ocrx_word' id='word_1_131' title='bbox 412 1868 446 1920; x_wconf 86' lang='lat' dir='ltr'><strong>ad</strong></span> <span class='ocrx_word' id='word_1_132' title='bbox 468 1867 548 1919; x_wconf 72' lang='lat' dir='ltr'><strong>attic.</strong></span> <span class='ocrx_word' id='word_1_133' title='bbox 573 1867 607 1930; x_wconf 83' lang='lat'><strong>6,</strong></span> <span class='ocrx_word' id='word_1_134' title='bbox 631 1867 657 1922; x_wconf 89' lang='lat'><strong>1.</strong></span> <span class='ocrx_word' id='word_1_135' title='bbox 685 1879 716 1922; x_wconf 86' lang='lat' dir='ltr'><strong>at</strong></span> <span class='ocrx_word' id='word_1_136' title='bbox 752 1869 883 1940; x_wconf 75' lang='lat' dir='ltr'><strong>Scaptius</strong></span> <span class='ocrx_word' id='word_1_137' title='bbox 916 1855 1066 1944; x_wconf 79' lang='lat' dir='ltr'><strong>quaternas</strong></span> <span class='ocrx_word' id='word_1_138' title='bbox 1098 1869 1275 1942; x_wconf 76' lang='lat' dir='ltr'><strong>postulabas.</strong></span> 
     </span>
     <span class='ocr_line' id='line_1_19' title="bbox 297 1955 1278 2028; baseline 0 -19"><span class='ocrx_word' id='word_1_139' title='bbox 297 1955 409 2019; x_wconf 86' lang='lat' dir='ltr'><strong>Metui,</strong></span> <span class='ocrx_word' id='word_1_140' title='bbox 433 1956 458 2008; x_wconf 88' lang='lat' dir='ltr'><strong>si</strong></span> <span class='ocrx_word' id='word_1_141' title='bbox 475 1956 659 2024; x_wconf 78' lang='lat' dir='ltr'><strong>impetrasset,</strong></span> <span class='ocrx_word' id='word_1_142' title='bbox 678 1974 711 2006; x_wconf 80' lang='lat' dir='ltr'><strong>na</strong></span> <span class='ocrx_word' id='word_1_143' title='bbox 729 1965 759 2007; x_wconf 87' lang='lat' dir='ltr'><strong>tu</strong></span> <span class='ocrx_word' id='word_1_144' title='bbox 779 1959 841 2025; x_wconf 82' lang='lat' dir='ltr'><strong>ipse</strong></span> <span class='ocrx_word' id='word_1_145' title='bbox 859 1975 903 2010; x_wconf 85' lang='lat' dir='ltr'><strong>me</strong></span> <span class='ocrx_word' id='word_1_146' title='bbox 919 1978 1013 2012; x_wconf 81' lang='lat' dir='ltr'><strong>amare</strong></span> <span class='ocrx_word' id='word_1_147' title='bbox 1031 1957 1187 2028; x_wconf 64' lang='lat' dir='ltr'><strong>desinerem</strong></span> <span class='ocrx_word' id='word_1_148' title='bbox 1214 1977 1278 2010; x_wconf 83' lang='lat' dir='ltr'><strong>uam</strong></span> 
     </span>
     <span class='ocr_line' id='line_1_20' title="bbox 297 2023 1278 2105; baseline -0.002 -9"><span class='ocrx_word' id='word_1_149' title='bbox 297 2023 334 2097; x_wconf 82' lang='lat' dir='ltr'><strong>ah</strong></span> <span class='ocrx_word' id='word_1_150' title='bbox 360 2040 450 2095; x_wconf 83' lang='lat' dir='ltr'><strong>edicte</strong></span> <span class='ocrx_word' id='word_1_151' title='bbox 475 2056 535 2091; x_wconf 90' lang='lat' dir='ltr'><strong>meo</strong></span> <span class='ocrx_word' id='word_1_152' title='bbox 559 2040 747 2105; x_wconf 71' lang='lat' dir='ltr'><strong>retussissam,</strong></span> <span class='ocrx_word' id='word_1_153' title='bbox 773 2051 802 2094; x_wconf 83' lang='lat' dir='ltr'><strong>et</strong></span> <span class='ocrx_word' id='word_1_154' title='bbox 831 2041 973 2096; x_wconf 78' lang='lat' dir='ltr'><strong>ciuitatem</strong></span> <span class='ocrx_word' id='word_1_155' title='bbox 999 2045 1028 2095; x_wconf 80' lang='lat' dir='ltr'><strong>iu</strong></span> <span class='ocrx_word' id='word_1_156' title='bbox 1055 2045 1226 2097; x_wconf 43' lang='lat' dir='ltr'><strong>Oatonisset</strong></span> <span class='ocrx_word' id='word_1_157' title='bbox 1250 2045 1278 2095; x_wconf 84' lang='lat' dir='ltr'><strong>in</strong></span> 
     </span>
     <span class='ocr_line' id='line_1_21' title="bbox 296 2119 1277 2202; baseline -0.002 -22"><span class='ocrx_word' id='word_1_158' title='bbox 296 2128 387 2202; x_wconf 81' lang='lat' dir='ltr'><strong>ipsius</strong></span> <span class='ocrx_word' id='word_1_159' title='bbox 404 2125 485 2178; x_wconf 84' lang='lat' dir='ltr'><strong>Bruti</strong></span> <span class='ocrx_word' id='word_1_160' title='bbox 497 2121 561 2192; x_wconf 77' lang='lat' dir='ltr'><strong>fide</strong></span> <span class='ocrx_word' id='word_1_161' title='bbox 578 2123 720 2189; x_wconf 80' lang='lat' dir='ltr'><strong>locatam,</strong></span> <span class='ocrx_word' id='word_1_162' title='bbox 748 2119 869 2196; x_wconf 77' lang='lat' dir='ltr'><strong>meisque</strong></span> <span class='ocrx_word' id='word_1_163' title='bbox 885 2125 1028 2196; x_wconf 76' lang='lat' dir='ltr'><strong>beneficiis</strong></span> <span class='ocrx_word' id='word_1_164' title='bbox 1047 2141 1195 2190; x_wconf 83' lang='lat' dir='ltr'><strong>ornatam,</strong></span> <span class='ocrx_word' id='word_1_165' title='bbox 1209 2124 1277 2197; x_wconf 82' lang='lat' dir='ltr'><strong>fun·</strong></span> 
     </span>
     <span class='ocr_line' id='line_1_22' title="bbox 202 2200 1277 2284; baseline -0.004 -17"><span class='ocrx_word' id='word_1_166' title='bbox 202 2200 228 2248; x_wconf 58' lang='grc'><strong>·’</strong></span> <span class='ocrx_word' id='word_1_167' title='bbox 298 2214 374 2269; x_wconf 80' lang='lat' dir='ltr'><strong>ditus</strong></span> <span class='ocrx_word' id='word_1_168' title='bbox 390 2207 581 2276; x_wconf 81' lang='lat' dir='ltr'><strong>perdidissem.</strong></span> <span class='ocrx_word' id='word_1_169' title='bbox 617 2211 710 2281; x_wconf 78' lang='lat' dir='ltr'><strong>Atque</strong></span> <span class='ocrx_word' id='word_1_170' title='bbox 732 2207 785 2270; x_wconf 82' lang='lat' dir='ltr'><strong>hou</strong></span> <span class='ocrx_word' id='word_1_171' title='bbox 813 2221 938 2280; x_wconf 78' lang='lat' dir='ltr'><strong>tempora</strong></span> <span class='ocrx_word' id='word_1_172' title='bbox 964 2216 1027 2282; x_wconf 88' lang='lat' dir='ltr'><strong>ipso</strong></span> <span class='ocrx_word' id='word_1_173' title='bbox 1055 2213 1196 2284; x_wconf 78' lang='lat' dir='ltr'><strong>impingit.</strong></span> <span class='ocrx_word' id='word_1_174' title='bbox 1213 2211 1277 2264; x_wconf 81' lang='lat' dir='ltr'><strong>mihi</strong></span> 
     </span>
     <span class='ocr_line' id='line_1_23' title="bbox 223 2288 1344 2368; baseline -0.005 -14"><span class='ocrx_word' id='word_1_175' title='bbox 223 2317 227 2324; x_wconf 87' lang='grc'><strong>’</strong></span> <span class='ocrx_word' id='word_1_176' title='bbox 281 2295 447 2368; x_wconf 66' lang='lat' dir='ltr'><strong>&#39;epistolam</strong></span> <span class='ocrx_word' id='word_1_177' title='bbox 469 2297 601 2364; x_wconf 78' lang='lat' dir='ltr'><strong>Scaptius</strong></span> <span class='ocrx_word' id='word_1_178' title='bbox 622 2296 728 2360; x_wconf 79' lang='lat' dir='ltr'><strong>Bruti‚·</strong></span> <span class='ocrx_word' id='word_1_179' title='bbox 748 2313 805 2349; x_wconf 79' lang='lat' dir='ltr'><strong>rem</strong></span> <span class='ocrx_word' id='word_1_180' title='bbox 830 2294 913 2348; x_wconf 82' lang='lat' dir='ltr'><strong>iilam</strong></span> <span class='ocrx_word' id='word_1_181' title='bbox 938 2313 988 2362; x_wconf 79' lang='lat' dir='ltr'><strong>suo</strong></span> <span class='ocrx_word' id='word_1_182' title='bbox 1001 2288 1005 2306; x_wconf 30' lang='lat'><strong>&#39;¹</strong></span> <span class='ocrx_word' id='word_1_183' title='bbox 1014 2296 1141 2367; x_wconf 75' lang='lat' dir='ltr'><strong>periculo</strong></span> <span class='ocrx_word' id='word_1_184' title='bbox 1158 2314 1227 2350; x_wconf 78' lang='lat' dir='ltr'><strong>asse.</strong></span> <span class='ocrx_word' id='word_1_185' title='bbox 1243 2323 1277 2336; x_wconf 91' lang='lat'>-</span> <span class='ocrx_word' id='word_1_186' title='bbox 1343 2315 1344 2348; x_wconf 65' lang='lat' dir='ltr'><strong>l</strong></span> 
     </span>
     <span class='ocr_line' id='line_1_24' title="bbox 297 2379 1277 2454; baseline -0.005 -16"><span class='ocrx_word' id='word_1_187' title='bbox 297 2385 352 2438; x_wconf 85' lang='lat' dir='ltr'><strong>His</strong></span> <span class='ocrx_word' id='word_1_188' title='bbox 376 2381 411 2432; x_wconf 80' lang='lat' dir='ltr'><strong>de</strong></span> <span class='ocrx_word' id='word_1_189' title='bbox 434 2381 538 2431; x_wconf 81' lang='lat' dir='ltr'><strong>caussis</strong></span> <span class='ocrx_word' id='word_1_190' title='bbox 560 2379 640 2433; x_wconf 74' lang='lat' dir='ltr'><strong>eredo</strong></span> <span class='ocrx_word' id='word_1_191' title='bbox 674 2383 818 2449; x_wconf 81' lang='lat' dir='ltr'><strong>Scaptium</strong></span> <span class='ocrx_word' id='word_1_192' title='bbox 847 2383 968 2454; x_wconf 73' lang='lat' dir='ltr'><strong>iniquius</strong></span> <span class='ocrx_word' id='word_1_193' title='bbox 986 2381 1021 2434; x_wconf 81' lang='lat' dir='ltr'><strong>sle</strong></span> <span class='ocrx_word' id='word_1_194' title='bbox 1045 2399 1088 2434; x_wconf 91' lang='lat' dir='ltr'><strong>me</strong></span> <span class='ocrx_word' id='word_1_195' title='bbox 1112 2380 1225 2453; x_wconf 77' lang='lat' dir='ltr'><strong>aliquid</strong></span> <span class='ocrx_word' id='word_1_196' title='bbox 1241 2380 1277 2433; x_wconf 82' lang='lat' dir='ltr'><strong>cui</strong></span> 
     </span>
     <span class='ocr_line' id='line_1_25' title="bbox 222 2463 1276 2532; baseline -0.003 -14"><span class='ocrx_word' id='word_1_197' title='bbox 222 2487 226 2497; x_wconf 72' lang='lat'>¹</span> <span class='ocrx_word' id='word_1_198' title='bbox 285 2469 414 2523; x_wconf 86' lang='lat' dir='ltr'><strong>¹Brutum</strong></span> <span class='ocrx_word' id='word_1_199' title='bbox 433 2465 584 2530; x_wconf 80' lang='lat' dir='ltr'><strong>scripsisse.</strong></span> <span class='ocrx_word' id='word_1_200' title='bbox 617 2465 649 2515; x_wconf 91' lang='lat' dir='ltr'><strong>ln</strong></span> <span class='ocrx_word' id='word_1_201' title='bbox 666 2466 735 2516; x_wconf 83' lang='lat' dir='ltr'><strong>libro</strong></span> <span class='ocrx_word' id='word_1_202' title='bbox 757 2465 878 2519; x_wconf 86' lang='lat' dir='ltr'><strong>de-Nat.</strong></span> <span class='ocrx_word' id='word_1_203' title='bbox 905 2467 934 2520; x_wconf 58' lang='lat' dir='ltr'><strong>dr</strong></span> <span class='ocrx_word' id='word_1_204' title='bbox 958 2463 1124 2532; x_wconf 66' lang='lat'><strong>2,15,40.</strong></span> <span class='ocrx_word' id='word_1_205' title='bbox 1150 2467 1218 2518; x_wconf 81' lang='lat' dir='ltr'><strong>haee</strong></span> <span class='ocrx_word' id='word_1_206' title='bbox 1229 2476 1276 2524; x_wconf 77' lang='lat' dir='ltr'><strong>,ess</strong></span> 
     </span>
     <span class='ocr_line' id='line_1_26' title="bbox 202 2547 1275 2620; baseline 0.001 -20"><span class='ocrx_word' id='word_1_207' title='bbox 202 2561 226 2600; x_wconf 80' lang='grc'><strong>,’</strong></span> <span class='ocrx_word' id='word_1_208' title='bbox 294 2547 423 2605; x_wconf 87' lang='lat' dir='ltr'><strong>orationis</strong></span> <span class='ocrx_word' id='word_1_209' title='bbox 443 2549 634 2600; x_wconf 76' lang='lat' dir='ltr'><strong>conformatio:</strong></span> <span class='ocrx_word' id='word_1_210' title='bbox 655 2549 697 2600; x_wconf 85' lang='lat' dir='ltr'><strong>sol</strong></span> <span class='ocrx_word' id='word_1_211' title='bbox 720 2549 813 2600; x_wconf 86' lang='lat' dir='ltr'><strong>similis</strong></span> <span class='ocrx_word' id='word_1_212' title='bbox 832 2561 936 2604; x_wconf 80' lang='lat' dir='ltr'><strong>estant</strong></span> <span class='ocrx_word' id='word_1_213' title='bbox 956 2554 981 2604; x_wconf 88' lang='lat' dir='ltr'><strong>oi</strong></span> <span class='ocrx_word' id='word_1_214' title='bbox 1000 2552 1072 2620; x_wconf 82' lang='lat' dir='ltr'><strong>igni,</strong></span> <span class='ocrx_word' id='word_1_215' title='bbox 1102 2569 1181 2620; x_wconf 84' lang='lat' dir='ltr'><strong>quem</strong></span> <span class='ocrx_word' id='word_1_216' title='bbox 1199 2551 1275 2602; x_wconf 81' lang='lat' dir='ltr'><strong>adhi-</strong></span> 
     </span>
     <span class='ocr_line' id='line_1_27' title="bbox 220 2621 1276 2705; baseline -0.005 -13"><span class='ocrx_word' id='word_1_217' title='bbox 220 2653 224 2660; x_wconf 92' lang='lat'>&#39;</span> <span class='ocrx_word' id='word_1_218' title='bbox 292 2639 382 2692; x_wconf 87' lang='lat' dir='ltr'><strong>bemus</strong></span> <span class='ocrx_word' id='word_1_219' title='bbox 402 2633 435 2686; x_wconf 85' lang='lat' dir='ltr'><strong>ad</strong></span> <span class='ocrx_word' id='word_1_220' title='bbox 454 2633 523 2684; x_wconf 85' lang='lat' dir='ltr'><strong>vitae</strong></span> <span class='ocrx_word' id='word_1_221' title='bbox 540 2649 630 2698; x_wconf 86' lang='lat' dir='ltr'><strong>asum,</strong></span> <span class='ocrx_word' id='word_1_222' title='bbox 648 2643 693 2683; x_wconf 88' lang='lat' dir='ltr'><strong>aut</strong></span> <span class='ocrx_word' id='word_1_223' title='bbox 710 2621 751 2697; x_wconf 83' lang='lat' dir='ltr'><strong>oi,¹</strong></span> <span class='ocrx_word' id='word_1_224' title='bbox 770 2635 815 2702; x_wconf 89' lang='lat' dir='ltr'><strong>qui</strong></span> <span class='ocrx_word' id='word_1_225' title='bbox 840 2637 996 2705; x_wconf 81' lang='lat' dir='ltr'><strong>emporibus</strong></span> <span class='ocrx_word' id='word_1_226' title='bbox 1019 2637 1192 2689; x_wconf 72' lang='lat' dir='ltr'><strong>animantium</strong></span> <span class='ocrx_word' id='word_1_227' title='bbox 1211 2656 1276 2690; x_wconf 88' lang='lat' dir='ltr'><strong>eon-</strong></span> 
     </span>
     <span class='ocr_line' id='line_1_28' title="bbox 286 2705 1342 2788; baseline -0.002 -12"><span class='ocrx_word' id='word_1_228' title='bbox 286 2725 403 2777; x_wconf 69' lang='lat' dir='ltr'><strong>&#39;tinetun</strong></span> <span class='ocrx_word' id='word_1_229' title='bbox 435 2720 521 2787; x_wconf 82' lang='lat' dir='ltr'><strong>Atque</strong></span> <span class='ocrx_word' id='word_1_230' title='bbox 537 2705 768 2788; x_wconf 74' lang='lat' dir='ltr'><strong>hiequoeumque</strong></span> <span class='ocrx_word' id='word_1_231' title='bbox 792 2719 907 2784; x_wconf 85' lang='lat' dir='ltr'><strong>invasit,</strong></span> <span class='ocrx_word' id='word_1_232' title='bbox 939 2731 1033 2773; x_wconf 81' lang='lat' dir='ltr'><strong>cuneta</strong></span> <span class='ocrx_word' id='word_1_233' title='bbox 1058 2722 1208 2786; x_wconf 84' lang='lat' dir='ltr'><strong>disturbat,</strong></span> <span class='ocrx_word' id='word_1_234' title='bbox 1233 2724 1276 2774; x_wconf 89' lang='lat' dir='ltr'><strong>ille</strong></span> <span class='ocrx_word' id='word_1_235' title='bbox 1331 2754 1342 2774; x_wconf 51' lang='grc' dir='ltr'><strong>ι</strong></span> 
     </span>
    </p>
   </div>
   <div class='ocr_carea' id='block_1_4' title="bbox 210 2805 1339 4158">
    <p class='ocr_par' dir='ltr' id='par_1_4' title="bbox 210 2805 1339 4158">
     <span class='ocr_line' id='line_1_29' title="bbox 221 2805 1276 2876; baseline -0.002 -15"><span class='ocrx_word' id='word_1_236' title='bbox 221 2821 224 2826; x_wconf 89' lang='grc'><strong>“</strong></span> <span class='ocrx_word' id='word_1_237' title='bbox 295 2809 384 2861; x_wconf 83' lang='lat' dir='ltr'><strong>omnia</strong></span> <span class='ocrx_word' id='word_1_238' title='bbox 400 2814 538 2858; x_wconf 84' lang='lat' dir='ltr'><strong>conservat</strong></span> <span class='ocrx_word' id='word_1_239' title='bbox 555 2815 583 2858; x_wconf 92' lang='lat' dir='ltr'><strong>et</strong></span> <span class='ocrx_word' id='word_1_240' title='bbox 600 2805 656 2856; x_wconf 84' lang='lat' dir='ltr'><strong>ulit.</strong></span> <span class='ocrx_word' id='word_1_241' title='bbox 692 2807 779 2868; x_wconf 82' lang='lat' dir='ltr'><strong>Quare</strong></span> <span class='ocrx_word' id='word_1_242' title='bbox 799 2823 854 2858; x_wconf 89' lang='lat' dir='ltr'><strong>non</strong></span> <span class='ocrx_word' id='word_1_243' title='bbox 875 2807 980 2860; x_wconf 84' lang='lat' dir='ltr'><strong>dubium</strong></span> <span class='ocrx_word' id='word_1_244' title='bbox 1000 2817 1057 2871; x_wconf 87' lang='lat' dir='ltr'><strong>est,</strong></span> <span class='ocrx_word' id='word_1_245' title='bbox 1075 2808 1139 2876; x_wconf 89' lang='lat' dir='ltr'><strong>quin</strong></span> <span class='ocrx_word' id='word_1_246' title='bbox 1158 2809 1276 2859; x_wconf 81' lang='lat' dir='ltr'><strong>sol-huie</strong></span> 
     </span>
     <span class='ocr_line' id='line_1_30' title="bbox 210 2879 1276 2966; baseline 0.001 -21"><span class='ocrx_word' id='word_1_247' title='bbox 210 2898 215 2914; x_wconf 53' lang='lat'><strong>¹·</strong></span> <span class='ocrx_word' id='word_1_248' title='bbox 255 2879 257 2884; x_wconf 86' lang='lat'>&#39;</span> <span class='ocrx_word' id='word_1_249' title='bbox 292 2892 372 2946; x_wconf 70' lang='lat' dir='ltr'><strong>altera</strong></span> <span class='ocrx_word' id='word_1_250' title='bbox 389 2891 481 2946; x_wconf 71' lang='lat' dir='ltr'><strong>simin.</strong></span> <span class='ocrx_word' id='word_1_251' title='bbox 500 2891 544 2942; x_wconf 78' lang='lat' dir='ltr'><strong>at.</strong></span> <span class='ocrx_word' id='word_1_252' title='bbox 578 2891 747 2944; x_wconf 68' lang='lat' dir='ltr'><strong>uerutus...</strong></span> <span class='ocrx_word' id='word_1_253' title='bbox 761 2909 794 2943; x_wconf 60' lang='grc' dir='ltr'><strong>,ι</strong></span> <span class='ocrx_word' id='word_1_254' title='bbox 811 2908 864 2944; x_wconf 80' lang='lat' dir='ltr'><strong>uno</strong></span> <span class='ocrx_word' id='word_1_255' title='bbox 882 2891 973 2944; x_wconf 69' lang='lat' dir='ltr'><strong>coaice</strong></span> <span class='ocrx_word' id='word_1_256' title='bbox 991 2892 1076 2944; x_wconf 72' lang='lat' dir='ltr'><strong>eatan</strong></span> <span class='ocrx_word' id='word_1_257' title='bbox 1090 2897 1189 2966; x_wconf 68' lang='lat' dir='ltr'><strong>aequa,</strong></span> <span class='ocrx_word' id='word_1_258' title='bbox 1210 2909 1276 2963; x_wconf 69' lang='lat' dir='ltr'><strong>pro-</strong></span> 
     </span>
     <span class='ocr_line' id='line_1_31' title="bbox 220 2975 1276 3048; baseline 0 -16"><span class='ocrx_word' id='word_1_259' title='bbox 220 2985 222 2994; x_wconf 69' lang='lat'><strong><em>⁴</em></strong></span> <span class='ocrx_word' id='word_1_260' title='bbox 294 2979 368 3033; x_wconf 81' lang='lat' dir='ltr'><strong>bavit</strong></span> <span class='ocrx_word' id='word_1_261' title='bbox 393 2977 521 3028; x_wconf 80' lang='lat' dir='ltr'><strong>Mesenae.</strong></span> <span class='ocrx_word' id='word_1_262' title='bbox 556 2977 700 3029; x_wconf 82' lang='lat' dir='ltr'><strong>Columella</strong></span> <span class='ocrx_word' id='word_1_263' title='bbox 718 2978 802 3047; x_wconf 80' lang='lat' dir='ltr'><strong>praei.</strong></span> <span class='ocrx_word' id='word_1_264' title='bbox 820 2975 847 3030; x_wconf 81' lang='lat'><strong>3.</strong></span> <span class='ocrx_word' id='word_1_265' title='bbox 865 2994 914 3030; x_wconf 80' lang='lat' dir='ltr'><strong>nee</strong></span> <span class='ocrx_word' id='word_1_266' title='bbox 929 2987 997 3048; x_wconf 85' lang='lat' dir='ltr'><strong>post</strong></span> <span class='ocrx_word' id='word_1_267' title='bbox 1012 2975 1163 3032; x_wconf 78' lang='lat' dir='ltr'><strong>haserser</strong></span> <span class='ocrx_word' id='word_1_268' title='bbox 1180 2980 1276 3032; x_wconf 75' lang='lat' dir='ltr'><strong>intem·</strong></span> 
     </span>
     <span class='ocr_line' id='line_1_32' title="bbox 289 3060 1274 3140; baseline -0.003 -21"><span class='ocrx_word' id='word_1_269' title='bbox 289 3065 421 3140; x_wconf 81' lang='lat' dir='ltr'><strong>perantia</strong></span> <span class='ocrx_word' id='word_1_270' title='bbox 446 3060 517 3114; x_wconf 77' lang='lat' dir='ltr'><strong>coeli</strong></span> <span class='ocrx_word' id='word_1_271' title='bbox 535 3060 617 3120; x_wconf 80' lang='lat' dir='ltr'><strong>nohis</strong></span> <span class='ocrx_word' id='word_1_272' title='bbox 640 3067 711 3129; x_wconf 82' lang='lat' dir='ltr'><strong>istu,</strong></span> <span class='ocrx_word' id='word_1_273' title='bbox 737 3063 797 3118; x_wconf 60' lang='lat' dir='ltr'><strong>sed*</strong></span> <span class='ocrx_word' id='word_1_274' title='bbox 811 3073 908 3116; x_wconf 80' lang='lat' dir='ltr'><strong>nostro</strong></span> <span class='ocrx_word' id='word_1_275' title='bbox 932 3063 1031 3132; x_wconf 83' lang='lat' dir='ltr'><strong>potius</strong></span> <span class='ocrx_word' id='word_1_276' title='bbox 1049 3063 1176 3118; x_wconf 78' lang='lat' dir='ltr'><strong>assidere</strong></span> <span class='ocrx_word' id='word_1_277' title='bbox 1192 3067 1274 3125; x_wconf 86' lang='lat' dir='ltr'><strong>vitio,</strong></span> 
     </span>
     <span class='ocr_line' id='line_1_33' title="bbox 294 3147 1275 3224; baseline 0.001 -24"><span class='ocrx_word' id='word_1_278' title='bbox 294 3153 422 3224; x_wconf 80' lang='lat' dir='ltr'><strong>quirem</strong></span> <span class='ocrx_word' id='word_1_279' title='bbox 446 3149 577 3200; x_wconf 84' lang='lat' dir='ltr'><strong>rusticam</strong></span> <span class='ocrx_word' id='word_1_280' title='bbox 597 3151 718 3216; x_wconf 83' lang='lat' dir='ltr'><strong>pessimo</strong></span> <span class='ocrx_word' id='word_1_281' title='bbox 740 3153 836 3223; x_wconf 75' lang='lat' dir='ltr'><strong>cuique</strong></span> <span class='ocrx_word' id='word_1_282' title='bbox 860 3163 1015 3211; x_wconf 83' lang='lat' dir='ltr'><strong>seruorum,</strong></span> <span class='ocrx_word' id='word_1_283' title='bbox 1040 3147 1120 3201; x_wconf 69' lang='lat' dir='ltr'><strong>uelut</strong></span> <span class='ocrx_word' id='word_1_284' title='bbox 1141 3148 1275 3218; x_wconf 81' lang='lat' dir='ltr'><strong>carnifici,</strong></span> 
     </span>
     <span class='ocr_line' id='line_1_34' title="bbox 292 3223 1276 3306; baseline 0.001 -20"><span class='ocrx_word' id='word_1_285' title='bbox 292 3253 386 3290; x_wconf 75' lang='lat' dir='ltr'><strong>noxas</strong></span> <span class='ocrx_word' id='word_1_286' title='bbox 404 3229 545 3290; x_wconf 80' lang='lat' dir='ltr'><strong>dedimus,</strong></span> <span class='ocrx_word' id='word_1_287' title='bbox 575 3237 810 3301; x_wconf 79' lang='lat' dir='ltr'><strong>quammuiorum</strong></span> <span class='ocrx_word' id='word_1_288' title='bbox 829 3243 987 3287; x_wconf 80' lang='lat' dir='ltr'><strong>nostrorum</strong></span> <span class='ocrx_word' id='word_1_289' title='bbox 1011 3236 1137 3303; x_wconf 87' lang='lat' dir='ltr'><strong>optimus</strong></span> <span class='ocrx_word' id='word_1_290' title='bbox 1162 3223 1276 3306; x_wconf 84' lang='lat' dir='ltr'><strong>quisque</strong></span> 
     </span>
     <span class='ocr_line' id='line_1_35' title="bbox 291 3317 1276 3391; baseline -0.003 -16"><span class='ocrx_word' id='word_1_291' title='bbox 291 3333 321 3376; x_wconf 87' lang='lat' dir='ltr'><strong>et</strong></span> <span class='ocrx_word' id='word_1_292' title='bbox 339 3319 445 3389; x_wconf 80' lang='lat' dir='ltr'><strong>optime</strong></span> <span class='ocrx_word' id='word_1_293' title='bbox 462 3319 632 3369; x_wconf 81' lang='lat' dir='ltr'><strong>tractaverit.</strong></span> <span class='ocrx_word' id='word_1_294' title='bbox 666 3317 760 3391; x_wconf 81' lang='lat' dir='ltr'><strong>Atque</strong></span> <span class='ocrx_word' id='word_1_295' title='bbox 783 3337 835 3390; x_wconf 80' lang='lat' dir='ltr'><strong>ego</strong></span> <span class='ocrx_word' id='word_1_296' title='bbox 856 3321 929 3373; x_wconf 77' lang='lat' dir='ltr'><strong>sutis</strong></span> <span class='ocrx_word' id='word_1_297' title='bbox 949 3319 1045 3373; x_wconf 88' lang='lat' dir='ltr'><strong>mirari</strong></span> <span class='ocrx_word' id='word_1_298' title='bbox 1068 3335 1127 3370; x_wconf 82' lang='lat' dir='ltr'><strong>non</strong></span> <span class='ocrx_word' id='word_1_299' title='bbox 1150 3337 1276 3390; x_wconf 86' lang='lat' dir='ltr'><strong>possum,</strong></span> 
     </span>
     <span class='ocr_line' id='line_1_36' title="bbox 294 3394 1275 3483; baseline 0.002 -26"><span class='ocrx_word' id='word_1_300' title='bbox 294 3403 363 3477; x_wconf 80' lang='lat' dir='ltr'><strong>quisi</strong></span> <span class='ocrx_word' id='word_1_301' title='bbox 378 3407 419 3456; x_wconf 84' lang='lat' dir='ltr'><strong>ita</strong></span> <span class='ocrx_word' id='word_1_302' title='bbox 438 3399 549 3462; x_wconf 74' lang='lat' dir='ltr'><strong>dicendi</strong></span> <span class='ocrx_word' id='word_1_303' title='bbox 568 3400 690 3472; x_wconf 78' lang='lat' dir='ltr'><strong>seligant</strong></span> <span class='ocrx_word' id='word_1_304' title='bbox 707 3414 864 3466; x_wconf 84' lang='lat' dir='ltr'><strong>oratorem,</strong></span> <span class='ocrx_word' id='word_1_305' title='bbox 886 3407 962 3457; x_wconf 81' lang='lat' dir='ltr'><strong>euius</strong></span> <span class='ocrx_word' id='word_1_306' title='bbox 981 3394 1126 3457; x_wconf 72' lang='lat' dir='ltr'><strong>imitentur</strong></span> <span class='ocrx_word' id='word_1_307' title='bbox 1143 3403 1275 3483; x_wconf 73' lang='lat' dir='ltr'><strong>eloquen-</strong></span> 
     </span>
     <span class='ocr_line' id='line_1_37' title="bbox 295 3487 1275 3557; baseline -0.001 -14"><span class='ocrx_word' id='word_1_308' title='bbox 295 3494 374 3544; x_wconf 88' lang='lat' dir='ltr'><strong>tiam.</strong></span> <span class='ocrx_word' id='word_1_309' title='bbox 401 3489 420 3548; x_wconf 68' lang='lat' dir='ltr'><strong>i,</strong></span> <span class='ocrx_word' id='word_1_310' title='bbox 438 3503 461 3537; x_wconf 88' lang='lat' dir='ltr'><strong>e.</strong></span> <span class='ocrx_word' id='word_1_311' title='bbox 486 3495 563 3554; x_wconf 87' lang='lat' dir='ltr'><strong>atque</strong></span> <span class='ocrx_word' id='word_1_312' title='bbox 589 3488 681 3540; x_wconf 87' lang='lat' dir='ltr'><strong>eodem</strong></span> <span class='ocrx_word' id='word_1_313' title='bbox 708 3489 797 3543; x_wconf 83' lang='lat' dir='ltr'><strong>modo.</strong></span> <span class='ocrx_word' id='word_1_314' title='bbox 831 3487 1112 3540; x_wconf 81' lang='lat' dir='ltr'><strong>Aute¹Sehaeiderum</strong></span> <span class='ocrx_word' id='word_1_315' title='bbox 1138 3489 1275 3557; x_wconf 74' lang='lat' dir='ltr'><strong>legebatur</strong></span> 
     </span>
     <span class='ocr_line' id='line_1_38' title="bbox 266 3563 1275 3646; baseline 0.003 -23"><span class='ocrx_word' id='word_1_316' title='bbox 266 3563 271 3566; x_wconf 55' lang='grc'><strong><em>’</em></strong></span> <span class='ocrx_word' id='word_1_317' title='bbox 293 3577 383 3646; x_wconf 73' lang='lat' dir='ltr'><strong>arqui.</strong></span> <span class='ocrx_word' id='word_1_318' title='bbox 419 3573 517 3624; x_wconf 73' lang='lat' dir='ltr'><strong>&#39;Cicero</strong></span> <span class='ocrx_word' id='word_1_319' title='bbox 539 3571 572 3622; x_wconf 87' lang='lat' dir='ltr'><strong>de</strong></span> <span class='ocrx_word' id='word_1_320' title='bbox 600 3576 672 3624; x_wconf 83' lang='lat' dir='ltr'><strong>Orat.</strong></span> <span class='ocrx_word' id='word_1_321' title='bbox 697 3573 729 3638; x_wconf 87' lang='lat'><strong>1,</strong></span> <span class='ocrx_word' id='word_1_322' title='bbox 750 3573 805 3645; x_wconf 58' lang='grc' dir='ltr'><strong>Β,</strong></span> <span class='ocrx_word' id='word_1_323' title='bbox 829 3572 872 3624; x_wconf 77' lang='grc'><strong>54.</strong></span> <span class='ocrx_word' id='word_1_324' title='bbox 896 3591 1028 3642; x_wconf 86' lang='lat' dir='ltr'><strong>exponere</strong></span> <span class='ocrx_word' id='word_1_325' title='bbox 1045 3575 1121 3639; x_wconf 78' lang='lat' dir='ltr'><strong>uult,</strong></span> <span class='ocrx_word' id='word_1_326' title='bbox 1148 3587 1275 3644; x_wconf 81' lang='lat' dir='ltr'><strong>quantum</strong></span> 
     </span>
     <span class='ocr_line' id='line_1_39' title="bbox 294 3646 1273 3734; baseline 0.001 -21"><span class='ocrx_word' id='word_1_327' title='bbox 294 3669 417 3734; x_wconf 81' lang='lat' dir='ltr'><strong>oporteat</strong></span> <span class='ocrx_word' id='word_1_328' title='bbox 433 3646 564 3710; x_wconf 77' lang='lat' dir='ltr'><strong>orelorem</strong></span> <span class='ocrx_word' id='word_1_329' title='bbox 582 3654 717 3725; x_wconf 73' lang='lat' dir='ltr'><strong>cognitam</strong></span> <span class='ocrx_word' id='word_1_330' title='bbox 733 3657 830 3708; x_wconf 87' lang='lat' dir='ltr'><strong>habere</strong></span> <span class='ocrx_word' id='word_1_331' title='bbox 848 3658 1053 3728; x_wconf 87' lang='lat' dir='ltr'><strong>philosophiam.</strong></span> <span class='ocrx_word' id='word_1_332' title='bbox 1088 3661 1121 3711; x_wconf 90' lang='lat' dir='ltr'><strong>Id</strong></span> <span class='ocrx_word' id='word_1_333' title='bbox 1137 3661 1191 3713; x_wconf 90' lang='lat' dir='ltr'><strong>hoe</strong></span> <span class='ocrx_word' id='word_1_334' title='bbox 1211 3680 1273 3714; x_wconf 89' lang='lat' dir='ltr'><strong>mo-</strong></span> 
     </span>
     <span class='ocr_line' id='line_1_40' title="bbox 214 3729 1339 3820; baseline 0.005 -25"><span class='ocrx_word' id='word_1_335' title='bbox 214 3755 217 3764; x_wconf 62' lang='lat'><em>*</em></span> <span class='ocrx_word' id='word_1_336' title='bbox 280 3745 327 3795; x_wconf 51' lang='lat' dir='ltr'><strong>*do</strong></span> <span class='ocrx_word' id='word_1_337' title='bbox 352 3743 520 3795; x_wconf 86' lang='lat' dir='ltr'><strong>demonstrat.</strong></span> <span class='ocrx_word' id='word_1_338' title='bbox 568 3743 640 3820; x_wconf 72' lang='lat' dir='ltr'><strong>Quis</strong></span> <span class='ocrx_word' id='word_1_339' title='bbox 664 3747 736 3816; x_wconf 80' lang='lat' dir='ltr'><strong>onim</strong></span> <span class='ocrx_word' id='word_1_340' title='bbox 754 3743 855 3806; x_wconf 80' lang='lat' dir='ltr'><strong>nescit,</strong></span> <span class='ocrx_word' id='word_1_341' title='bbox 877 3733 1028 3798; x_wconf 77' lang='lat' dir='ltr'><strong>maximam</strong></span> <span class='ocrx_word' id='word_1_342' title='bbox 1051 3749 1111 3799; x_wconf 83' lang='lat' dir='ltr'><strong>vim</strong></span> <span class='ocrx_word' id='word_1_343' title='bbox 1137 3750 1273 3800; x_wconf 69' lang='lat' dir='ltr'><strong>exsistere</strong></span> <span class='ocrx_word' id='word_1_344' title='bbox 1338 3729 1339 3761; x_wconf 26' lang='grc' dir='ltr'>ἢ</span> 
     </span>
     <span class='ocr_line' id='line_1_41' title="bbox 293 3826 1338 3912; baseline -0.001 -28"><span class='ocrx_word' id='word_1_345' title='bbox 293 3831 414 3884; x_wconf 83' lang='lat' dir='ltr'><strong>oratoris</strong></span> <span class='ocrx_word' id='word_1_346' title='bbox 428 3831 457 3881; x_wconf 86' lang='lat' dir='ltr'><strong>iu</strong></span> <span class='ocrx_word' id='word_1_347' title='bbox 473 3826 621 3883; x_wconf 70' lang='lat' dir='ltr'><strong>,honunum</strong></span> <span class='ocrx_word' id='word_1_348' title='bbox 638 3827 773 3882; x_wconf 79' lang='lat' dir='ltr'><strong>mantibus</strong></span> <span class='ocrx_word' id='word_1_349' title='bbox 797 3827 844 3883; x_wconf 81' lang='lat' dir='ltr'><strong>vel</strong></span> <span class='ocrx_word' id='word_1_350' title='bbox 868 3829 907 3882; x_wconf 81' lang='lat' dir='ltr'><strong>ad</strong></span> <span class='ocrx_word' id='word_1_351' title='bbox 929 3833 1018 3895; x_wconf 87' lang='lat' dir='ltr'><strong>iram,</strong></span> <span class='ocrx_word' id='word_1_352' title='bbox 1042 3829 1090 3884; x_wconf 80' lang='lat' dir='ltr'><strong>val</strong></span> <span class='ocrx_word' id='word_1_353' title='bbox 1109 3830 1149 3882; x_wconf 79' lang='lat' dir='ltr'><strong>ad</strong></span> <span class='ocrx_word' id='word_1_354' title='bbox 1167 3831 1273 3896; x_wconf 83' lang='lat' dir='ltr'><strong>odium,</strong></span> <span class='ocrx_word' id='word_1_355' title='bbox 1337 3871 1338 3912; x_wconf 60' lang='lat' dir='ltr'><strong>q</strong></span> 
     </span>
     <span class='ocr_line' id='line_1_42' title="bbox 214 3911 1338 3985; baseline -0.001 -16"><span class='ocrx_word' id='word_1_356' title='bbox 214 3941 218 3948; x_wconf 91' lang='lat'><em>·</em></span> <span class='ocrx_word' id='word_1_357' title='bbox 292 3925 343 3969; x_wconf 84' lang='lat' dir='ltr'><strong>aut</strong></span> <span class='ocrx_word' id='word_1_358' title='bbox 364 3911 488 3965; x_wconf 84' lang='lat' dir='ltr'><strong>dolorem</strong></span> <span class='ocrx_word' id='word_1_359' title='bbox 507 3911 673 3976; x_wconf 74' lang='lat' dir='ltr'><strong>incitandis,</strong></span> <span class='ocrx_word' id='word_1_360' title='bbox 701 3912 747 3967; x_wconf 82' lang='lat' dir='ltr'><strong>vel</strong></span> <span class='ocrx_word' id='word_1_361' title='bbox 769 3911 805 3970; x_wconf 84' lang='lat' dir='ltr'><strong>ab</strong></span> <span class='ocrx_word' id='word_1_362' title='bbox 834 3913 907 3968; x_wconf 80' lang='lat' dir='ltr'><strong>hisce</strong></span> <span class='ocrx_word' id='word_1_363' title='bbox 931 3915 1031 3968; x_wconf 82' lang='lat' dir='ltr'><strong>iisdem</strong></span> <span class='ocrx_word' id='word_1_364' title='bbox 1050 3914 1273 3985; x_wconf 77' lang='lat' dir='ltr'><strong>permotionibus</strong></span> <span class='ocrx_word' id='word_1_365' title='bbox 1337 3919 1338 3930; x_wconf 60' lang='lat'>¹</span> 
     </span>
     <span class='ocr_line' id='line_1_43' title="bbox 249 3997 1304 4078; baseline 0.001 -25"><span class='ocrx_word' id='word_1_366' title='bbox 249 4062 251 4067; x_wconf 41' lang='grc'><strong>,</strong></span> <span class='ocrx_word' id='word_1_367' title='bbox 293 4001 332 4056; x_wconf 82' lang='lat' dir='ltr'><strong>ad</strong></span> <span class='ocrx_word' id='word_1_368' title='bbox 350 3999 493 4053; x_wconf 83' lang='lat' dir='ltr'><strong>lenitatem</strong></span> <span class='ocrx_word' id='word_1_369' title='bbox 518 3997 785 4070; x_wconf 74' lang='lat' dir='ltr'><strong>misericordiamque</strong></span> <span class='ocrx_word' id='word_1_370' title='bbox 806 3999 996 4054; x_wconf 78' lang='lat' dir='ltr'><strong>revocandis?</strong></span> <span class='ocrx_word' id='word_1_371' title='bbox 1026 4001 1121 4078; x_wconf 72' lang='lat' dir='ltr'><strong>Quare</strong></span> <span class='ocrx_word' id='word_1_372' title='bbox 1144 4001 1203 4052; x_wconf 79' lang='lat' dir='ltr'><strong>nisi</strong></span> <span class='ocrx_word' id='word_1_373' title='bbox 1227 4003 1274 4070; x_wconf 90' lang='lat' dir='ltr'><strong>qui</strong></span> <span class='ocrx_word' id='word_1_374' title='bbox 1300 4011 1304 4022; x_wconf 88' lang='grc'><strong>’</strong></span> 
     </span>
     <span class='ocr_line' id='line_1_44' title="bbox 291 4082 1337 4158; baseline -0.002 -18"><span class='ocrx_word' id='word_1_375' title='bbox 291 4097 408 4140; x_wconf 82' lang='lat' dir='ltr'><strong>naturas</strong></span> <span class='ocrx_word' id='word_1_376' title='bbox 420 4082 563 4136; x_wconf 80' lang='lat' dir='ltr'><strong>hominum</strong></span> <span class='ocrx_word' id='word_1_377' title='bbox 577 4085 804 4155; x_wconf 79' lang='lat' dir='ltr'><strong>vimquaomnem</strong></span> <span class='ocrx_word' id='word_1_378' title='bbox 820 4083 1008 4156; x_wconf 74' lang='lat' dir='ltr'><strong>humanitatis</strong></span> <span class='ocrx_word' id='word_1_379' title='bbox 1027 4101 1196 4156; x_wconf 79' lang='lat' dir='ltr'><strong>caussasque</strong></span> <span class='ocrx_word' id='word_1_380' title='bbox 1212 4105 1271 4149; x_wconf 84' lang='lat' dir='ltr'><strong>eas,</strong></span> <span class='ocrx_word' id='word_1_381' title='bbox 1336 4117 1337 4158; x_wconf 73' lang='lat'>3</span> 
     </span>
    </p>
   </div>
   <div class='ocr_carea' id='block_1_5' title="bbox 293 4166 1272 4256">
    <p class='ocr_par' dir='ltr' id='par_1_5' title="bbox 293 4166 1272 4256">
     <span class='ocr_line' id='line_1_45' title="bbox 293 4166 1272 4256; baseline 0 -30"><span class='ocrx_word' id='word_1_382' title='bbox 293 4170 391 4242; x_wconf 77' lang='lat' dir='ltr'><strong>quibus</strong></span> <span class='ocrx_word' id='word_1_383' title='bbox 409 4180 511 4239; x_wconf 78' lang='lat' dir='ltr'><strong>msutqs</strong></span> <span class='ocrx_word' id='word_1_384' title='bbox 528 4179 579 4224; x_wconf 80' lang='lat' dir='ltr'><strong>aut</strong></span> <span class='ocrx_word' id='word_1_385' title='bbox 601 4171 770 4234; x_wconf 78' lang='lat' dir='ltr'><strong>inritaretur,</strong></span> <span class='ocrx_word' id='word_1_386' title='bbox 787 4179 841 4256; x_wconf 71' lang='lat' dir='ltr'><strong>put</strong></span> <span class='ocrx_word' id='word_1_387' title='bbox 854 4166 1057 4249; x_wconf 62' lang='lat' dir='ltr'><strong>&#39;reflectuntun</strong></span> <span class='ocrx_word' id='word_1_388' title='bbox 1076 4173 1192 4242; x_wconf 78' lang='lat' dir='ltr'><strong>panitas</strong></span> <span class='ocrx_word' id='word_1_389' title='bbox 1208 4191 1272 4246; x_wconf 80' lang='lat' dir='ltr'><strong>per·</strong></span> 
     </span>
    </p>
   </div>
   <div class='ocr_carea' id='block_1_6' title="bbox 0 0 1368 4746">
    <p class='ocr_par' dir='ltr' id='par_1_6' title="bbox 0 0 1368 4746">
     <span class='ocr_line' id='line_1_46' title="bbox 0 0 1368 4746; baseline 0 3"><span class='ocrx_word' id='word_1_390' title='bbox 0 0 1368 4746; x_wconf 95' lang='lat' dir='ltr'><strong> </strong></span> 
     </span>
    </p>
   </div>
  </div>
 </body>
</html>
