2764 4746
227 327 237 336 '
306 345 580 438 breviore.
622 348 920 433 mouerunt.
1064 307 1128 426 111
1189 355 1205 372 “

68 479 153 569 Ι1111
182 505 223 570 ob
253 505 401 592 anologio
431 500 571 570 recedat.
604 503 674 570 vid.
697 487 920 572 liuddirnonn.
945 513 977 576 2.
997 523 1031 599 p.
1055 507 1129 578 808.

98 593 200 657 Certe·
216 615 252 657 eo
277 588 459 669 distinctio,
486 611 582 678 quom
606 587 769 656 Bentleius
793 591 841 662 111,
858 591 991 660 Terent.
1013 597 1128 662 Heaut.

98 682 136 754 1,
157 683 196 756 2,
218 682 271 742 27.
294 677 389 755 iecit,
412 675 556 741 adhiberi
572 697 641 740 non
660 683 780 764 potest.
823 677 1074 746 Drakenborch.
1090 683 1131 748 111

581 775 706 910 quyeto
721 785 795 826 cum
812 769 1031 852 comparativo
1050 789 1132 832 oon·
1223 783 1227 792 '

640 867 657 910 e

95 762 165 828 Liv.
184 769 222 844 2,
243 763 295 844 39,
322 765 351 827 1.
371 783 440 825 non
454 762 517 826 nisi
532 761 580 825 olo

12 899 13 906 ,
89 846 191 936 'iungi
236 846 537 926 osseenistimovii.

95 869 232 998 suitoli)

97 1020 187 1105 quod
205 1041 289 1083 unus
307 1019 380 1082 cod.
396 1015 485 1080 besil.
500 1018 534 1080 in
552 1017 701 1098 Canto,
717 1025 748 1083 2.
766 1021 900 1106 praebet
918 1021 1133 1110 oliqrrontum

96 1105 244 1168 minoren
270 1125 340 1168 non
365 1109 496 1190 poterat
518 1103 661 1191 probare
687 1103 885 1194 Sobiegelius
916 1106 952 1172 in
980 1107 1132 1174 Suebodii

94 1189 178 1254 Bibl.
197 1191 288 1256 1819.
308 1209 344 1277 p.
362 1192 435 1254 718.
1047 1219 1070 1226 υ

207 1293 263 1378 cici
281 1325 357 1380 Verr.
375 1325 406 1388 1,
427 1317 478 1390 64,
497 1318 555 1378 140.
583 1323 651 1392 iste,
664 1330 711 1398 qui
725 1326 869 1398 aliquanto
884 1330 948 1401 plur
967 1301 1131 1402 ¹cogitasset¹

163 1413 235 1465 mole
251 1415 354 1482 arripit
368 1409 457 1464 verbis
473 1408 641 1466 Robonium.
674 1407 779 1464 Decisio
796 1412 866 1468 facta
884 1425 941 1470 erut
961 1433 991 1467 111
1013 1418 1131 1468 ducentis

162 1497 291 1550 millibus:
317 1510 366 1566 qua
382 1496 518 1566 repudiata
534 1496 630 1548 Verres
647 1498 749 1566 occepit
765 1510 815 1548 nex
833 1499 925 1551 millio.
960 1499 1131 1571 Soliust.iug.

609 848 617 910 i
658 871 697 912 ro
723 849 853 934 quidem
878 870 1037 937 nusquam
1063 871 1132 940 po-

219 944 391 1021 quantum,
407 951 512 1016 neque
531 931 628 996 etium
648 932 779 997 Plautus
795 945 827 998 et
841 935 1028 1002 Soihrstius:
1050 955 1131 1004 nam
1227 949 1239 967 ⁸

162 1581 215 1648 86,
233 1579 258 1636 4.
282 1583 397 1638 Marius
414 1583 599 1640 cumrmoiore
619 1581 762 1652 aliquanto
784 1599 911 1648 numero,
937 1601 1018 1655 quom
1042 1583 1132 1639 decre·
1193 1605 1195 1619 ’
1229 1583 1231 1604 “

163 1677 305 1732 temerat,
322 1671 349 1722 in
359 1661 489 1736 Africam
507 1661 662 1737 profectus.
696 1666 778 1718 Pluut.
798 1663 873 1736 Epid.
888 1666 920 1733 3,
933 1663 969 1734 ’2,
991 1667 1134 1722 48.ab1·a.

160 1756 309 1807 musintro
325 1749 388 1804 bino
403 1751 442 1805 ud
457 1771 508 1806 me.
544 1754 586 1802 81.
609 1760 692 1822 utque
713 1753 858 1822 aliquanto
884 1751 1021 1808 lubentius
1049 1769 1133 1824 quam

163 1836 215 1905 obs
236 1849 263 1892 te
277 1855 338 1890 sum
354 1852 477 1910 egressus
493 1837 580 1892 intus.
609 1835 680 1888 Asin.
695 1830 729 1902 3,
746 1835 780 1901 3,
796 1837 822 1890 2.
850 1834 993 1898 01111111.
1009 1835 1053 1903 78,
1071 1837 1134 1890 270.

88 1947 90 1952 ·
161 1941 245 1996 quum
264 1925 360 1978 metius
383 1922 525 1994 aliquanto
539 1929 750 1992 possentquam
766 1921 814 1976 int
835 1933 974 1988 oratores,
989 1937 1059 1992 quos
1078 1923 1134 1976 col·
1222 1948 1225 1956 »

143 2009 241 2079 Ἡρα,
260 2003 361 2061 dicere.
391 2007 423 2059 de
443 2011 515 2058 Orat.
538 2004 717 2072 2,24,-108.
750 2007 839 2058 Celsus
858 2008 890 2072 1,
909 2005 936 2058 4.
950 2025 976 2072 p.
991 2005 1051 2058 517.
1077 2007 1134 2058 Lir.
1192 2018 1202 2058 .·
1284 2019 1299 2065 ·,

162 2091 214 2157 27,
231 2087 267 2146 86
274 2131 281 2156 ,
301 2087 332 2144 7.Ι
345 2111 424 2145 censa
438 2090 652 2164 etviunteapita
666 2102 771 2146 centum
784 2095 899 2162 triginta
913 2101 1017 2162 septem
1035 2093 1135 2157 millio,

108 2171 118 2182 ’
164 2188 272 2231 uentum
287 2187 315 2230 et
331 2187 404 2229 octo.
426 2181 515 2230 minor
535 2176 678 2249 aliquanto
696 2181 822 2232 numerus
838 2193 919 2247 quom
939 2179 986 2246 qui
1001 2186 1065 2228 ante
1079 2171 1134 2228 bet·

163 2265 222 2316 lum
229 2252 339 2334 fueret.
356 2261 384 2312 111
403 2260 495 2330 quibus
511 2261 611 2314 11111111
634 2271 770 2332 corruptus
788 2273 804 2312 1
819 2259 933 2314 librariis
951 2261 987 2312 sit
1004 2279 1133 2324 numerus,
1181 2311 1183 2318 ,

161 2348 185 2400 11
209 2347 294 2399 tame'n
317 2361 439 2414 magnum
462 2339 569 2402 differre
593 2355 681 2416 potest
709 2347 741 2398 ab
767 2363 815 2411 eo,
833 2348 879 2416 qui
894 2346 1026 2416 prioribus
1042 2347 1133 2398 lustris
1213 2401 1220 2421 Α

164 2434 276 2502 scriptus
296 2442 361 2484 erut.
384 2428 417 2498 5,
436 2430 470 2484 29
479 2419 490 2496 ‚¹
505 2428 531 2482 5.
546 2435 689 2501 uictorque
696 2429 816 2486 Romam
831 2432 869 2484 ad
884 2435 973 2486 maius
989 2434 1133 2506 eliquanto
1247 2469 1249 2472 -

164 2528 301 2571 certamen
313 2515 394 2571 redit.
430 2517 553 2580 Quinctil.
572 2513 668 2582 1,12,
686 2516 713 2570 4.
738 2536 821 2589 quum
835 2519 998 2589 praesertim
1012 2511 1135 2588 'resioiat

145 2645 148 2650 -
164 2607 276 2658 animos
290 2619 324 2656 ao
336 2611 445 2674 reparet
460 2603 580 2656 varietas
595 2600 674 2673 ipsa,
697 2614 845 2675 contraque
867 2607 904 2658 sit
916 2605 1060 2673 aliquanto
1076 2599 1136 2674 dis·

157 2684 274 2760 ficilius
288 2689 317 2740 in
330 2675 426 2742 iabore
445 2705 499 2741 uno
521 2705 708 2758 perseverare.
738 2683 771 2755 6,
789 2687 824 2753 7,
840 2681 883 2741 24.
915 2690 1021 2738 Sueten.
1046 2688 1136 2740 Tiber.

165 2773 210 2828 62.
228 2773 373 2844 quodnisi
394 2789 456 2828 eum
477 2782 506 2827 et
527 2789 600 2826 mors
622 2775 811 2850 promeruisset
826 2799 861 2814 ·-
876 2771 968 2840 piures
991 2769 1135 2842 aliquanto

166 2871 328 2924 necaturus,
346 2877 380 2918 oo
400 2876 434 2911 ne
449 2858 561 2927 reliquis
575 2855 685 2927 quidem
697 2853 845 2928 nepotibus
863 2857 1136 2925 parsurusbreds'tur.
1245 2855 1247 2862 ’

167 2945 240 2998 Caes.
257 2943 300 3012 86.
315 2945 360 2996 ubi
377 2944 428 2996 1111
443 2943 547 2995 Ernest.
658 2977 660 2980 -
772 2968 776 2977 ·

114 3090 118 3104 .
211 3043 294 3102 Plane
312 3045 393 3100 Stich.
410 3044 444 3112 3,
465 3044 497 3110 1,
516 3039 797 3098 insomniato
816 3043 908 3098 soluto
927 3023 968 3100 est
985 3049 1065 3107 novis
1085 3047 1139 3100 uli·

165 3144 271 3205 quanto
285 3137 373 3204 prius.
396 3133 423 3184 h.
443 3151 466 3184 e.
483 3149 528 3183 um
543 3131 645 3200 einiger
653 3124 764 3199 frober.
786 3129 885 3182 Pallan.
903 3129 935 3182 de
954 3133 993 3183 lie
1010 3149 1033 3182 r.
1051 3131 1093 3194 10,
1111 3127 1137 3182 6.
1154 3165 1160 3184 .
1239 3125 1242 3134 ’
1264 3157 1271 3178 1

166 3237 238 3272 nuno
258 3221 302 3273 vel
326 3217 460 3277 maturius
484 3216 628 3286 aliquanto
649 3217 763 3288 lupinus
781 3217 880 3270 seritur
901 3216 931 3270 in
947 3215 1137 3288 qualicumque
1162 3218 1165 3228 ⁴

167 3313 251 3362 torm·

200 3405 309 3459 Terent.
328 3403 396 3457 Eun.
415 3399 449 3470 1,
467 3400 500 3466 2,
518 3397 563 3457 51.
579 3403 637 3458 eius
647 3384 744 3473 frater
765 3399 938 3472 aliquantum
959 3399 997 3456 ad
1019 3421 1076 3457 rem
1096 3409 1139 3454 est

169 3491 289 3556 auidior.
322 3492 380 3544 Liv.
401 3491 433 3556 1,
453 3488 487 3555 7,
504 3487 531 3545 9.
557 3487 681 3542 habitum
695 3484 876 3559 formamque
896 3492 950 3544 oiri
966 3489 1140 3558 aliquantum

143 3577 332 3649 xampliorem
357 3579 598 3648 augustioremque
625 3574 746 3628 hermano
769 3575 886 3628 intuens.
917 3576 1006 3641 Pomp.
1033 3571 1096 3624 Mel.
1111 3568 1140 3633 8,
1188 3603 1190 3619 .

169 3659 196 3727 2,
214 3657 241 3712 6.
258 3662 365 3712 Terent.
379 3661 472 3712 Heunt.
488 3657 513 3725 1,
530 3661 565 3727 2,
582 3659 625 3712 27.
638 3657 768 3730 fortusse
782 3660 928 3729 aliquanto
945 3661 1066 3728 iniquior
1079 3665 1141 3709 not

169 3757 280 3819 praeter
302 3746 360 3798 eius
382 3740 541 3800 lubidinem.
580 3745 713 3798 Bentleios
746 3743 864 3798 restituit
891 3745 1063 3816 aliquantum
1089 3740 1141 3794 hoo
1181 3735 1184 3741 ’

152 3817 277 3902 squidem
290 3839 457 3898 argumento:
477 3829 566 3897 „ratio
584 3837 642 3882 este
661 3829 720 3898 quie
737 3829 766 3881 in
783 3826 930 3882 huiusmodi
940 3827 1051 3880 formul«
1064 3843 1140 3878 com·
1238 3835 1239 3842 ’

168 3917 303 3986 putativus
322 3931 376 3967 non
393 3925 487 3984 unget,
514 3913 561 3968 sed
577 3914 696 3966 minuit.“
731 3918 766 3968 At
787 3931 817 3966 re
843 3930 906 3968 reru
929 3922 1007 3982 unget
1025 3912 1163 3983 qualitas

169 4011 238 4064 tem,
259 4003 534 4070 neque.aliquontum
551 4001 680 4068 signifieat
696 4015 814 4070 purumr
839 4015 905 4068 queo
930 4000 1012 4052 fuisse
1037 3997 1141 4055 videtur

169 4084 282 4136 Bentieii
299 4087 437 4138 sententie.
471 4089 511 4140 De
535 4085 651 4139 formula
671 4086 816 4155 aliquanto
839 4087 903 4155 plus
930 4079 983 4146 uid.
1009 4079 1142 4138 Dsukenb.

170 4167 204 4224 sni
220 4169 278 4226 tur.
289 4167 340 4239 24,
356 4167 407 4240 40,
428 4167 469 4225 14.
487 4179 515 4226 et
533 4171 702 4243 Oudendorp.
717 4170 753 4225 ud
766 4173 873 4229 oreon.
891 4165 1032 4223 11111114.
1048 4157 1143 4234 nott.
1212 4184 1216 4195 ,
